timestamp,amount,price,symbol
2013-06-10 10:34:59,0.1,105.0,BTC
2013-06-10 10:35:03,0.3169808,104.61,BTC
2013-06-10 10:36:17,0.4,105.0,BTC
2013-06-10 10:36:47,0.6414943000000001,105.01,BTC
2013-06-10 10:39:39,1.9222,105.0,BTC
2013-06-10 10:40:35,0.1489829,104.71,BTC
2013-06-10 10:41:51,1.574738,105.49,BTC
2013-06-10 10:43:46,0.4546165,105.61,BTC
2013-06-10 10:45:21,0.0974054,105.92,BTC
2013-06-10 10:48:33,0.40259459999999997,105.89,BTC
2013-06-10 10:48:43,0.2,105.9,BTC
2013-06-10 10:48:44,0.1148006,105.9,BTC
2013-06-10 10:48:45,0.0925446,106.1,BTC
2013-06-10 10:50:09,0.3132688,105.7,BTC
2013-06-10 10:50:10,0.9867312,105.88,BTC
2013-06-10 10:52:35,3.5615273000000003,105.12,BTC
2013-06-10 10:52:36,1.655631,104.92,BTC
2013-06-10 10:58:04,0.2074554,104.89,BTC
2013-06-10 10:59:21,2.0,104.6,BTC
2013-06-10 11:00:53,0.2,104.6,BTC
2013-06-10 11:01:16,0.052402199999999996,104.46,BTC
2013-06-10 11:03:12,19.2315815,104.0,BTC
2013-06-10 11:08:21,0.2,105.73,BTC
2013-06-10 11:28:52,0.2,105.4,BTC
2013-06-10 11:40:59,0.146377,104.93,BTC
2013-06-10 11:42:05,0.2,105.2,BTC
2013-06-10 11:42:07,0.2,105.4,BTC
2013-06-10 11:42:26,0.1384454,104.86,BTC
2013-06-10 11:44:26,0.7899866999999999,104.86,BTC
2013-06-10 11:46:26,0.5983857,104.85,BTC
2013-06-10 11:49:31,0.17702839999999995,104.87,BTC
2013-06-10 11:54:28,0.1699886,104.88,BTC
2013-06-10 11:54:35,0.2,105.2,BTC
2013-06-10 11:54:36,0.2,105.0,BTC
2013-06-10 12:05:43,4.5,104.8,BTC
2013-06-10 12:17:55,1.0100296,104.8,BTC
2013-06-10 12:19:26,0.1,104.5,BTC
2013-06-10 12:22:11,0.14009129999999995,104.05,BTC
2013-06-10 12:22:38,1.4,104.0,BTC
2013-06-10 12:23:23,0.9352374,104.69,BTC
2013-06-10 12:24:35,0.0025281999999999995,103.99,BTC
2013-06-10 12:24:51,4.0,103.98,BTC
2013-06-10 12:25:26,1.2857101,103.98,BTC
2013-06-10 12:25:27,1.0,103.96,BTC
2013-06-10 12:26:14,1.0,103.94,BTC
2013-06-10 12:26:14,0.9530163,103.88,BTC
2013-06-10 12:27:03,0.050537900000000004,103.95,BTC
2013-06-10 12:27:04,3.0,103.85,BTC
2013-06-10 12:27:04,3.1161288,103.83,BTC
2013-06-10 12:27:47,1.2267419,104.63,BTC
2013-06-10 12:27:51,7.0,103.82,BTC
2013-06-10 12:29:28,0.6533659,103.84,BTC
2013-06-10 12:32:46,0.8333333,103.93,BTC
2013-06-10 12:33:41,5.8142318,103.81,BTC
2013-06-10 12:33:41,0.1857682,103.79,BTC
2013-06-10 12:36:06,0.1,104.0,BTC
2013-06-10 12:38:23,4.0,103.78,BTC
2013-06-10 12:38:24,1.0,103.76,BTC
2013-06-10 12:38:25,0.8333333,103.71,BTC
2013-06-10 12:38:27,1.0,103.69,BTC
2013-06-10 12:38:29,1.9551098000000002,103.65,BTC
2013-06-10 12:38:30,1.0,103.61,BTC
2013-06-10 12:38:32,4.0,103.57,BTC
2013-06-10 12:38:40,2.2946591,104.29,BTC
2013-06-10 12:38:40,9.9540164,103.77,BTC
2013-06-10 12:38:40,6.9550186,103.66,BTC
2013-06-10 12:40:07,1.6539225,103.57,BTC
2013-06-10 12:40:18,23.9951069,103.58,BTC
2013-06-10 12:40:44,0.8,104.3,BTC
2013-06-10 12:41:43,0.2,103.5,BTC
2013-06-10 12:42:05,0.2,103.99,BTC
2013-06-10 12:42:24,0.2,103.5,BTC
2013-06-10 12:43:16,0.1,103.5,BTC
2013-06-10 12:45:04,0.2,103.4,BTC
2013-06-10 12:45:06,0.2,103.6,BTC
2013-06-10 12:45:08,0.2,103.8,BTC
2013-06-10 12:45:10,0.2,104.0,BTC
2013-06-10 12:45:12,0.2,104.1,BTC
2013-06-10 12:45:15,0.2,104.3,BTC
2013-06-10 12:45:17,0.2,104.5,BTC
2013-06-10 12:45:19,0.2,104.7,BTC
2013-06-10 12:45:20,0.2,104.56,BTC
2013-06-10 12:45:22,0.2,104.8,BTC
2013-06-10 12:54:24,0.1,104.39,BTC
2013-06-10 12:56:40,0.1,103.9,BTC
2013-06-10 12:57:10,0.19,103.5,BTC
2013-06-10 12:57:20,0.600877,103.65,BTC
2013-06-10 12:57:36,0.19,103.4,BTC
2013-06-10 12:57:37,3.0,103.45,BTC
2013-06-10 12:57:37,4.0,103.43,BTC
2013-06-10 12:57:37,4.9566632,103.4,BTC
2013-06-10 12:57:37,11.6959685,103.37,BTC
2013-06-10 12:57:52,0.19,103.45,BTC
2013-06-10 12:58:07,3.3561223,103.65,BTC
2013-06-10 12:58:22,0.19,103.4,BTC
2013-06-10 12:58:37,0.173275,103.55,BTC
2013-06-10 12:58:45,0.19,103.4,BTC
2013-06-10 12:59:03,0.2,103.66,BTC
2013-06-10 12:59:12,6.036233999999999,103.65,BTC
2013-06-10 12:59:24,0.19,103.4,BTC
2013-06-10 13:13:50,0.19,103.11,BTC
2013-06-10 13:14:09,0.19,103.11,BTC
2013-06-10 13:14:22,0.19,103.11,BTC
2013-06-10 13:14:39,0.19,103.11,BTC
2013-06-10 13:14:56,0.19,103.11,BTC
2013-06-10 13:15:11,0.19,103.11,BTC
2013-06-10 13:15:30,0.19,103.11,BTC
2013-06-10 13:15:42,0.15,103.11,BTC
2013-06-10 13:16:01,0.19,103.1,BTC
2013-06-10 13:16:02,0.19,103.3,BTC
2013-06-10 13:16:02,0.05,103.5,BTC
2013-06-10 13:17:47,0.15,103.26,BTC
2013-06-10 13:22:29,0.62,103.0,BTC
2013-06-10 13:22:29,1.0,103.1,BTC
2013-06-10 13:22:29,2.0,103.07,BTC
2013-06-10 13:22:29,2.0,103.03,BTC
2013-06-10 13:22:29,4.4610764000000005,103.0,BTC
2013-06-10 13:24:32,4.9899971,102.96,BTC
2013-06-10 13:24:46,0.0100029,102.97,BTC
2013-06-10 13:24:46,3.9899970999999996,102.93,BTC
2013-06-10 13:26:06,0.9136359000000001,102.92,BTC
2013-06-10 13:29:28,0.9899903,102.89,BTC
2013-06-10 13:30:07,0.19,102.9,BTC
2013-06-10 13:31:11,1.0,102.5,BTC
2013-06-10 13:33:26,0.19,102.6,BTC
2013-06-10 13:33:35,0.81,102.5,BTC
2013-06-10 13:33:44,0.19,102.5,BTC
2013-06-10 13:34:03,0.19,102.5,BTC
2013-06-10 13:38:29,0.9899483,102.47,BTC
2013-06-10 13:42:17,0.022630400000000002,102.34,BTC
2013-06-10 13:43:51,0.1,102.4,BTC
2013-06-10 13:44:22,0.19,102.6,BTC
2013-06-10 13:52:30,5.0217391,102.08,BTC
2013-06-10 13:52:30,1.0,102.03,BTC
2013-06-10 13:52:30,4.8273333,102.01,BTC
2013-06-10 13:52:39,1.6607174,102.13,BTC
2013-06-10 13:52:39,5.0217391,102.08,BTC
2013-06-10 13:52:48,4.8273333,102.01,BTC
2013-06-10 13:53:04,0.19,101.8,BTC
2013-06-10 13:53:05,0.62,101.83,BTC
2013-06-10 13:53:49,0.1,102.0,BTC
2013-06-10 13:54:20,0.1,102.0,BTC
2013-06-10 13:54:21,0.19,101.7,BTC
2013-06-10 13:54:22,0.19,101.6,BTC
2013-06-10 13:54:23,0.973615,101.68,BTC
2013-06-10 13:54:25,0.5,101.65,BTC
2013-06-10 13:54:26,1.551,101.56,BTC
2013-06-10 13:54:28,1.0,101.55,BTC
2013-06-10 13:54:29,3.016,101.52,BTC
2013-06-10 13:54:30,2.0,101.5,BTC
2013-06-10 13:54:32,2.9760000000000004,101.45,BTC
2013-06-10 13:54:33,0.3,101.42,BTC
2013-06-10 13:54:36,10.0,101.2,BTC
2013-06-10 13:54:46,1.9767533,101.35,BTC
2013-06-10 13:54:57,9.3999715,101.13,BTC
2013-06-10 13:57:12,0.1,101.2,BTC
2013-06-10 13:57:29,0.19,101.3,BTC
2013-06-10 13:57:30,0.19,101.5,BTC
2013-06-10 13:57:30,0.19,101.7,BTC
2013-06-10 13:57:30,0.9899404,102.39,BTC
2013-06-10 13:57:31,7.6859815000000005,102.49,BTC
2013-06-10 13:57:31,5.0,103.0,BTC
2013-06-10 13:57:31,3.0828382999999997,103.67,BTC
2013-06-10 14:00:33,1.0,101.95,BTC
2013-06-10 14:07:11,0.5,102.12,BTC
2013-06-10 14:07:31,0.1,102.12,BTC
2013-06-10 14:08:33,0.0935174,102.12,BTC
2013-06-10 14:09:51,0.0935174,102.12,BTC
2013-06-10 14:09:51,9.1370981,102.5,BTC
2013-06-10 14:10:25,0.1,101.99,BTC
2013-06-10 14:14:50,0.18,101.4,BTC
2013-06-10 14:14:51,0.18,101.3,BTC
2013-06-10 14:14:51,0.301,101.44,BTC
2013-06-10 14:15:34,0.18,101.7,BTC
2013-06-10 14:15:35,0.2,101.99,BTC
2013-06-10 14:18:18,0.1,102.01,BTC
2013-06-10 14:20:32,0.26,101.76,BTC
2013-06-10 14:23:16,0.1,101.7,BTC
2013-06-10 14:24:57,0.07130460000000001,101.5,BTC
2013-06-10 14:24:57,0.1,101.47,BTC
2013-06-10 14:24:58,1.7422752000000001,101.35,BTC
2013-06-10 14:25:03,0.1,101.69,BTC
2013-06-10 14:25:35,20.0,101.33,BTC
2013-06-10 14:25:46,5.0,101.15,BTC
2013-06-10 14:26:26,12.16871,101.15,BTC
2013-06-10 14:26:57,0.1528642,101.35,BTC
2013-06-10 14:28:04,0.1,101.25,BTC
2013-06-10 14:28:05,0.83129,101.15,BTC
2013-06-10 14:28:14,0.1,101.25,BTC
2013-06-10 14:28:32,0.1,101.35,BTC
2013-06-10 14:31:38,10.0,101.13,BTC
2013-06-10 14:32:01,8.0,101.13,BTC
2013-06-10 14:37:06,0.1,101.13,BTC
2013-06-10 14:42:04,1.0,101.13,BTC
2013-06-10 14:48:45,0.18,101.2,BTC
2013-06-10 14:49:56,0.9899398000000001,101.39,BTC
2013-06-10 14:50:03,0.0100602,101.39,BTC
2013-06-10 14:51:56,0.5,101.11,BTC
2013-06-10 14:52:17,0.2826401,101.13,BTC
2013-06-10 14:53:14,1.325911,101.12,BTC
2013-06-10 14:53:15,12.094089,101.1,BTC
2013-06-10 14:53:21,0.8220000000000001,101.13,BTC
2013-06-10 14:53:21,1.881,101.01,BTC
2013-06-10 14:54:36,6.7582516,101.1,BTC
2013-06-10 14:54:36,1.881,101.01,BTC
2013-06-10 14:55:39,11.8279135,101.0,BTC
2013-06-10 14:55:45,0.18,100.51,BTC
2013-06-10 14:56:33,0.0330865,101.0,BTC
2013-06-10 15:00:50,0.82,100.51,BTC
2013-06-10 15:00:51,5.6773169,100.22,BTC
2013-06-10 15:00:51,3.0,100.2,BTC
2013-06-10 15:00:52,3.0924,100.12,BTC
2013-06-10 15:00:53,0.015,100.1,BTC
2013-06-10 15:00:54,1.0,100.08,BTC
2013-06-10 15:01:00,2.0215403999999997,100.54,BTC
2013-06-10 15:01:08,0.18,99.9,BTC
2013-06-10 15:01:08,2.0,100.01,BTC
2013-06-10 15:01:15,0.18,99.8,BTC
2013-06-10 15:01:15,1.0,99.8,BTC
2013-06-10 15:01:15,0.469901,99.65,BTC
2013-06-10 15:01:39,0.18,99.9,BTC
2013-06-10 15:01:39,0.18,99.7,BTC
2013-06-10 15:01:39,0.18,99.5,BTC
2013-06-10 15:01:39,8.1,99.61,BTC
2013-06-10 15:01:47,5.0,99.6,BTC
2013-06-10 15:02:19,15.0,100.0,BTC
2013-06-10 15:02:37,7.9900990000000025,99.99,BTC
2013-06-10 15:02:37,1.0,99.65,BTC
2013-06-10 15:02:37,0.9942334999999999,99.57,BTC
2013-06-10 15:02:37,1.7075488,99.53,BTC
2013-06-10 15:02:44,0.15,100.0,BTC
2013-06-10 15:03:22,14.979804500000002,100.0,BTC
2013-06-10 15:03:36,0.07,100.1,BTC
2013-06-10 15:03:53,0.18,100.0,BTC
2013-06-10 15:04:09,0.18,100.0,BTC
2013-06-10 15:04:25,0.18,100.0,BTC
2013-06-10 15:04:44,0.18,100.0,BTC
2013-06-10 15:05:09,0.15,100.61,BTC
2013-06-10 15:05:22,0.15,100.01,BTC
2013-06-10 15:06:19,1.6224851999999998,100.55,BTC
2013-06-10 15:06:19,2.12,100.65,BTC
2013-06-10 15:06:35,2.0,100.99,BTC
2013-06-10 15:06:54,0.319,100.98,BTC
2013-06-10 15:07:21,0.9899020000000001,101.01,BTC
2013-06-10 15:08:30,5.691098,101.01,BTC
2013-06-10 15:08:35,1.6437693,101.0,BTC
2013-06-10 15:08:38,1.0,101.8,BTC
2013-06-10 15:08:39,0.924,101.8,BTC
2013-06-10 15:08:43,2.205,101.84,BTC
2013-06-10 15:09:54,0.2,102.28,BTC
2013-06-10 15:09:54,3.293,102.33,BTC
2013-06-10 15:09:54,1.9880586,102.42,BTC
2013-06-10 15:11:17,0.25,101.27,BTC
2013-06-10 15:13:22,0.25,102.16,BTC
2013-06-10 15:13:55,0.25,102.33,BTC
2013-06-10 15:31:08,0.25,101.25,BTC
2013-06-10 15:31:08,1.1377795,101.36,BTC
2013-06-10 15:31:09,0.25,101.15,BTC
2013-06-10 15:31:09,0.8333333,101.29,BTC
2013-06-10 15:32:20,0.15361,101.3,BTC
2013-06-10 15:32:21,0.18,101.0,BTC
2013-06-10 15:32:21,0.25851430000000003,101.12,BTC
2013-06-10 15:33:54,2.0,101.17,BTC
2013-06-10 15:34:19,0.102914,101.13,BTC
2013-06-10 15:34:52,0.359086,101.18,BTC
2013-06-10 15:35:04,0.359086,101.18,BTC
2013-06-10 15:35:12,0.359086,101.18,BTC
2013-06-10 15:35:16,0.359086,101.18,BTC
2013-06-10 15:36:05,0.48991999999999997,101.19,BTC
2013-06-10 15:39:57,0.2,101.28,BTC
2013-06-10 15:40:20,1.9869392,100.3,BTC
2013-06-10 15:42:39,2.23571,101.03,BTC
2013-06-10 15:43:10,5.043018599999999,101.03,BTC
2013-06-10 15:43:18,0.7843321999999999,101.03,BTC
2013-06-10 15:46:47,11.7096183,101.02,BTC
2013-06-10 15:46:51,20.0,101.5,BTC
2013-06-10 15:47:00,0.23471,101.99,BTC
2013-06-10 15:48:24,1.931902,101.01,BTC
2013-06-10 15:48:39,12.0,101.1,BTC
2013-06-10 15:48:58,12.7876089,101.05,BTC
2013-06-10 15:48:59,2.0,101.0,BTC
2013-06-10 15:49:47,0.2,101.01,BTC
2013-06-10 15:53:01,2.9113852,100.5883,BTC
2013-06-10 15:53:02,0.18,100.4,BTC
2013-06-10 15:53:03,0.18,100.2,BTC
2013-06-10 15:53:03,0.18,100.0,BTC
2013-06-10 15:53:04,2.0,100.0,BTC
2013-06-10 16:01:16,0.375,100.16,BTC
2013-06-10 16:03:22,1.0,100.13,BTC
2013-06-10 16:03:48,0.18,100.0,BTC
2013-06-10 16:04:06,13.0,100.0,BTC
2013-06-10 16:04:15,0.18,100.0,BTC
2013-06-10 16:04:28,25.0,100.0,BTC
2013-06-10 16:04:37,17.894571799999994,100.0,BTC
2013-06-10 16:05:53,25.0,100.0,BTC
2013-06-10 16:25:19,0.9697906,100.3,BTC
2013-06-10 16:26:20,0.9899212,100.21,BTC
2013-06-10 16:40:26,1.133336,100.77,BTC
2013-06-10 16:40:27,0.2,101.7,BTC
2013-06-10 16:40:29,2.0,101.75,BTC
2013-06-10 16:40:31,1.0,101.82,BTC
2013-06-10 16:40:31,1.2056639999999998,101.69,BTC
2013-06-10 16:41:20,1.0,101.5,BTC
2013-06-10 16:43:25,3.0632438,101.67,BTC
2013-06-10 16:43:39,0.7856637,101.7,BTC
2013-06-10 16:43:40,1.2444772,101.76,BTC
2013-06-10 16:43:43,1.233,101.99,BTC
2013-06-10 16:43:45,1.689,102.06,BTC
2013-06-10 16:43:47,4.0,102.25,BTC
2013-06-10 16:43:55,0.7180411,102.07,BTC
2013-06-10 16:44:13,2.5531923,102.12,BTC
2013-06-10 16:46:35,0.25,102.35,BTC
2013-06-10 16:46:37,0.2,102.48,BTC
2013-06-10 16:46:38,0.25,102.65,BTC
2013-06-10 16:46:39,0.0272347,102.57,BTC
2013-06-10 16:46:51,2.0,102.48,BTC
2013-06-10 16:46:51,1.588,102.61,BTC
2013-06-10 16:46:55,1.5,102.8,BTC
2013-06-10 16:47:44,0.2,102.45,BTC
2013-06-10 16:48:07,0.25,102.48,BTC
2013-06-10 16:49:27,0.25,102.49,BTC
2013-06-10 16:50:02,0.25,102.5,BTC
2013-06-10 16:50:03,2.0341963,102.63,BTC
2013-06-10 16:51:34,0.25,102.63,BTC
2013-06-10 16:52:22,1.6565828000000002,102.67,BTC
2013-06-10 16:52:23,0.01,102.75,BTC
2013-06-10 16:52:23,1.2974172,102.9,BTC
2013-06-10 16:52:39,0.25,102.66,BTC
2013-06-10 16:53:20,0.1782715,102.98,BTC
2013-06-10 16:53:23,8.51,103.0,BTC
2013-06-10 16:53:25,5.0,103.09,BTC
2013-06-10 16:53:28,0.021978,103.19,BTC
2013-06-10 16:53:30,0.1,103.27,BTC
2013-06-10 16:53:32,8.0,103.4,BTC
2013-06-10 16:53:34,8.546,103.61,BTC
2013-06-10 16:53:36,0.0101322,103.63,BTC
2013-06-10 16:53:38,0.5,103.73,BTC
2013-06-10 16:53:46,5.0,104.0,BTC
2013-06-10 16:53:54,5.4174976,103.99,BTC
2013-06-10 16:54:03,1.5,104.45,BTC
2013-06-10 16:54:10,0.669948,104.33,BTC
2013-06-10 16:54:16,3.0,104.39,BTC
2013-06-10 16:54:22,3.302,104.42,BTC
2013-06-10 16:54:24,0.2,104.66,BTC
2013-06-10 16:54:26,2.8780798,104.79,BTC
2013-06-10 16:54:32,0.6699221,103.33,BTC
2013-06-10 16:54:38,1.1699221000000002,103.5,BTC
2013-06-10 16:54:39,8.546,103.61,BTC
2013-06-10 16:54:41,0.0101322,103.63,BTC
2013-06-10 16:54:42,0.5,103.73,BTC
2013-06-10 16:54:43,0.3901152,104.8,BTC
2013-06-10 16:54:49,1.0,105.4,BTC
2013-06-10 16:54:58,0.7,105.5,BTC
2013-06-10 16:55:05,0.14820029999999998,105.39,BTC
2013-06-10 16:55:06,0.1,103.64,BTC
2013-06-10 16:55:07,1.5,105.9,BTC
2013-06-10 16:55:15,0.16,105.9,BTC
2013-06-10 16:55:15,1.7991449000000002,105.96,BTC
2013-06-10 16:55:19,0.1,103.65,BTC
2013-06-10 16:55:26,3.0,105.49,BTC
2013-06-10 16:55:31,0.8926548000000001,105.92,BTC
2013-06-10 16:57:01,0.5,103.7,BTC
2013-06-10 16:57:20,1.0839148,104.75,BTC
2013-06-10 16:57:57,0.053077699999999985,103.81,BTC
2013-06-10 16:59:02,0.2,103.81,BTC
2013-06-10 17:02:02,0.5,104.0,BTC
2013-06-10 17:05:55,0.12,104.66,BTC
2013-06-10 17:09:11,1.0,104.68,BTC
2013-06-10 17:09:22,1.5,104.8,BTC
2013-06-10 17:10:19,2.5,104.68,BTC
2013-06-10 17:10:26,0.25,104.9,BTC
2013-06-10 17:11:54,6.7759234,105.3,BTC
2013-06-10 17:12:22,0.5,105.3,BTC
2013-06-10 17:13:13,0.86,104.52,BTC
2013-06-10 17:16:31,2.5,105.0,BTC
2013-06-10 17:18:10,0.25,105.0,BTC
2013-06-10 17:23:13,0.18,104.4,BTC
2013-06-10 17:23:14,0.18,104.2,BTC
2013-06-10 17:25:51,0.18,104.5,BTC
2013-06-10 17:27:08,0.18,104.5,BTC
2013-06-10 17:27:12,0.11,104.4,BTC
2013-06-10 17:27:13,0.18,104.2,BTC
2013-06-10 17:27:13,0.25,104.01,BTC
2013-06-10 17:27:14,0.18,103.9,BTC
2013-06-10 17:27:14,0.18,103.8,BTC
2013-06-10 17:27:15,0.8322613000000001,103.93,BTC
2013-06-10 17:27:20,0.18,104.48,BTC
2013-06-10 17:27:29,3.0,104.19,BTC
2013-06-10 17:27:36,0.07,104.48,BTC
2013-06-10 17:29:23,0.746749,103.66,BTC
2013-06-10 17:32:17,0.18,104.4,BTC
2013-06-10 17:32:18,0.4406454000000001,104.27,BTC
2013-06-10 17:32:18,0.744501,104.29,BTC
2013-06-10 17:33:24,0.253251,103.69,BTC
2013-06-10 17:33:25,0.25,103.9,BTC
2013-06-10 17:33:26,0.18,103.8,BTC
2013-06-10 17:33:27,0.18,103.6,BTC
2013-06-10 17:33:28,0.7898168000000001,103.67,BTC
2013-06-10 17:38:25,0.18,103.8,BTC
2013-06-10 17:38:25,0.18,103.6,BTC
2013-06-10 17:38:26,0.1,103.4,BTC
2013-06-10 17:39:45,0.18,103.9,BTC
2013-06-10 17:39:45,0.18,103.7,BTC
2013-06-10 17:39:46,1.9,103.73,BTC
2013-06-10 17:40:48,0.18,104.0,BTC
2013-06-10 17:40:49,0.18,103.8,BTC
2013-06-10 17:40:49,0.28,103.8,BTC
2013-06-10 17:44:00,4.9,103.8,BTC
2013-06-10 17:44:02,0.18,103.5,BTC
2013-06-10 17:44:03,3.0,103.63,BTC
2013-06-10 17:44:04,2.9930000000000003,103.59,BTC
2013-06-10 17:44:06,0.25,103.4,BTC
2013-06-10 17:44:08,1.4016178999999998,103.5,BTC
2013-06-10 17:44:46,0.1,103.9,BTC
2013-06-10 17:48:54,0.18,103.5,BTC
2013-06-10 17:55:11,0.18,103.3,BTC
2013-06-10 17:55:11,0.18,103.1,BTC
2013-06-10 17:55:11,1.0,103.22,BTC
2013-06-10 17:55:12,0.965251,103.19,BTC
2013-06-10 17:55:12,0.1,103.0,BTC
2013-06-10 17:55:12,4.034749,103.0,BTC
2013-06-10 17:58:08,0.1,103.5,BTC
2013-06-10 18:00:29,0.02,103.0,BTC
2013-06-10 18:10:19,0.9899718,102.71,BTC
2013-06-10 18:11:15,2.4,102.8,BTC
2013-06-10 18:12:20,0.9899815,102.81,BTC
2013-06-10 18:13:02,0.4021633,103.25,BTC
2013-06-10 18:13:02,5.0431789,103.3,BTC
2013-06-10 18:13:02,0.6629999999999999,103.43,BTC
2013-06-10 18:13:02,1.976,103.46,BTC
2013-06-10 18:13:02,11.7669642,103.5,BTC
2013-06-10 18:13:03,0.18,103.7,BTC
2013-06-10 18:13:03,0.9061776,103.6,BTC
2013-06-10 18:13:05,0.18,103.9,BTC
2013-06-10 18:13:06,0.1,103.79,BTC
2013-06-10 18:13:07,0.7,103.82,BTC
2013-06-10 18:13:09,0.18,104.0,BTC
2013-06-10 18:13:10,0.18,104.1,BTC
2013-06-10 18:13:11,0.2,103.99,BTC
2013-06-10 18:13:13,0.18,104.2,BTC
2013-06-10 18:13:14,2.6019412,104.09,BTC
2013-06-10 18:13:15,0.8784344000000001,104.14,BTC
2013-06-10 18:13:17,20.0,104.2,BTC
2013-06-10 18:13:19,0.18,104.4,BTC
2013-06-10 18:13:21,7.7501,104.27,BTC
2013-06-10 18:13:24,0.18,104.5,BTC
2013-06-10 18:13:26,0.25,104.55,BTC
2013-06-10 18:13:29,1.379,104.45,BTC
2013-06-10 18:13:32,0.25,104.75,BTC
2013-06-10 18:13:36,0.18,104.8,BTC
2013-06-10 18:13:38,5.932,104.7,BTC
2013-06-10 18:13:42,0.18,104.9,BTC
2013-06-10 18:13:46,0.25,104.99,BTC
2013-06-10 18:13:50,45.9107299,105.0,BTC
2013-06-10 18:14:50,0.3,103.01,BTC
2013-06-10 18:14:56,1.0486633,103.3,BTC
2013-06-10 18:14:56,0.18,103.7,BTC
2013-06-10 18:14:58,0.18,103.9,BTC
2013-06-10 18:15:01,0.18,104.1,BTC
2013-06-10 18:15:04,0.18,104.3,BTC
2013-06-10 18:15:05,0.18,104.5,BTC
2013-06-10 18:15:07,0.18,104.7,BTC
2013-06-10 18:15:09,0.18,104.9,BTC
2013-06-10 18:15:12,0.18,105.0,BTC
2013-06-10 18:15:14,1.159,104.95,BTC
2013-06-10 18:15:48,0.18,103.8,BTC
2013-06-10 18:15:48,0.18,104.0,BTC
2013-06-10 18:15:48,2.1,104.0,BTC
2013-06-10 18:16:37,0.18,103.4,BTC
2013-06-10 18:16:37,0.18,103.2,BTC
2013-06-10 18:16:37,0.7,103.01,BTC
2013-06-10 18:16:41,0.25,103.02,BTC
2013-06-10 18:18:13,0.05,103.02,BTC
2013-06-10 18:20:48,0.1,103.4,BTC
2013-06-10 18:22:00,0.18,103.4,BTC
2013-06-10 18:22:17,0.18,103.4,BTC
2013-06-10 18:27:08,0.5980625,102.38,BTC
2013-06-10 18:28:19,0.25,102.38,BTC
2013-06-10 18:29:11,0.189,103.19,BTC
2013-06-10 18:29:11,0.5720000000000001,103.21,BTC
2013-06-10 18:29:12,0.48,103.51,BTC
2013-06-10 18:29:12,0.491,103.53,BTC
2013-06-10 18:29:13,0.18,103.7,BTC
2013-06-10 18:29:13,0.25,103.84,BTC
2013-06-10 18:29:14,0.900394,103.76,BTC
2013-06-10 18:29:33,0.18,103.7,BTC
2013-06-10 18:29:33,0.18,103.9,BTC
2013-06-10 18:29:34,2.0,103.94,BTC
2013-06-10 18:29:34,16.0,103.95,BTC
2013-06-10 18:31:05,0.0372211,103.52,BTC
2013-06-10 18:31:05,0.18,103.7,BTC
2013-06-10 18:31:06,0.18,103.9,BTC
2013-06-10 18:31:08,1.0,104.0,BTC
2013-06-10 18:31:09,0.18,104.1,BTC
2013-06-10 18:31:10,17.891,103.96,BTC
2013-06-10 18:31:52,4.646,103.99,BTC
2013-06-10 18:36:48,3.0980000000000003,103.39,BTC
2013-06-10 18:36:48,0.0101518,103.43,BTC
2013-06-10 18:36:48,4.7591147000000005,103.49,BTC
2013-06-10 18:36:49,3.072,103.76,BTC
2013-06-10 18:36:49,0.925,103.88,BTC
2013-06-10 18:36:49,0.108,103.96,BTC
2013-06-10 18:36:58,0.18,103.4,BTC
2013-06-10 18:36:58,0.18,103.2,BTC
2013-06-10 18:36:59,0.18,103.0,BTC
2013-06-10 18:43:29,0.3117189,103.4,BTC
2013-06-10 18:52:49,0.2882811,103.36,BTC
2013-06-10 19:06:18,0.1699108,103.7,BTC
2013-06-10 19:07:08,0.0100892,103.7,BTC
2013-06-10 19:07:09,0.18,103.5,BTC
2013-06-10 19:07:10,0.009546,103.3,BTC
2013-06-10 19:27:54,0.5,103.1,BTC
2013-06-10 19:35:56,0.1,103.2,BTC
2013-06-10 19:49:17,0.18,103.11,BTC
2013-06-10 19:50:06,0.18,103.11,BTC
2013-06-10 19:50:25,0.18,103.1,BTC
2013-06-10 19:50:26,0.18,103.3,BTC
2013-06-10 20:12:55,0.18,103.5,BTC
2013-06-10 20:24:07,5.0,103.3,BTC
2013-06-10 20:27:15,0.9899352,103.33,BTC
2013-06-10 20:31:19,0.9899332,103.31,BTC
2013-06-10 20:35:16,0.5,103.3,BTC
2013-06-10 20:37:18,0.5,103.31,BTC
2013-06-10 20:40:27,0.36,103.89,BTC
2013-06-10 20:40:29,0.36,103.89,BTC
2013-06-10 20:46:21,0.9899332,103.31,BTC
2013-06-10 20:51:39,2.2998845,103.96,BTC
2013-06-10 20:51:40,4.740666,104.0,BTC
2013-06-10 20:52:22,2.2,103.92,BTC
2013-06-10 20:53:26,4.0,104.09,BTC
2013-06-10 20:54:21,0.9899332,103.31,BTC
2013-06-10 20:55:25,0.9899361,103.34,BTC
2013-06-10 20:56:32,0.2,103.98,BTC
2013-06-10 20:59:21,0.7899361,103.34,BTC
2013-06-10 20:59:25,0.7899361,103.34,BTC
2013-06-10 21:01:20,0.540525,103.37,BTC
2013-06-10 21:01:41,0.18,104.0,BTC
2013-06-10 21:02:31,0.2,103.97,BTC
2013-06-10 21:02:31,1.658586,103.99,BTC
2013-06-10 21:02:33,0.5713630999999999,104.04,BTC
2013-06-10 21:02:47,1.0,103.91,BTC
2013-06-10 21:03:49,0.1,103.91,BTC
2013-06-10 21:04:12,0.9899468,103.45,BTC
2013-06-10 21:06:25,0.99,104.0,BTC
2013-06-10 21:06:48,0.1,104.0,BTC
2013-06-10 21:06:50,4.0,104.16,BTC
2013-06-10 21:06:52,0.2,104.18,BTC
2013-06-10 21:08:28,0.5049039000000001,104.0,BTC
2013-06-10 21:08:55,0.2,103.99,BTC
2013-06-10 21:10:24,0.2980682,103.51,BTC
2013-06-10 21:10:47,0.1,104.0,BTC
2013-06-10 21:11:34,1.7391302,104.16,BTC
2013-06-10 21:11:35,2.992,104.23,BTC
2013-06-10 21:14:17,0.5,103.52,BTC
2013-06-10 21:15:21,0.5,103.52,BTC
2013-06-10 21:15:34,0.1,104.1,BTC
2013-06-10 21:16:42,0.1,104.1,BTC
2013-06-10 21:20:25,1.0,104.5,BTC
2013-06-10 21:20:28,5.9626492,104.41,BTC
2013-06-10 21:21:42,1.6588328,104.29,BTC
2013-06-10 21:21:52,6.1466352,104.4,BTC
2013-06-10 21:22:22,0.2,104.28,BTC
2013-06-10 21:23:11,0.18,104.5,BTC
2013-06-10 21:28:39,2.7011047,104.22,BTC
2013-06-10 21:28:50,0.18,104.3,BTC
2013-06-10 21:28:51,0.18,104.1,BTC
2013-06-10 21:28:53,0.18,103.9,BTC
2013-06-10 21:29:37,0.18,104.3,BTC
2013-06-10 21:34:24,0.18,104.5,BTC
2013-06-10 21:34:24,0.18,104.7,BTC
2013-06-10 21:34:24,0.4210015,104.69,BTC
2013-06-10 21:34:24,0.515,104.79,BTC
2013-06-10 21:34:26,1.0,105.0,BTC
2013-06-10 21:40:39,0.18,104.5,BTC
2013-06-10 21:41:38,1.35783272,104.5,BTC
2013-06-10 21:42:30,0.2875166,104.85,BTC
2013-06-10 21:52:50,0.18,105.2,BTC
2013-06-10 21:53:06,0.18,105.17506000000002,BTC
2013-06-10 21:53:43,0.18,105.3,BTC
2013-06-10 21:54:17,0.18,105.2,BTC
2013-06-10 21:54:20,0.18,105.0,BTC
2013-06-10 21:54:23,0.28,105.0,BTC
2013-06-10 21:54:56,0.04,105.3,BTC
2013-06-10 21:54:56,0.18,105.1,BTC
2013-06-10 21:55:04,0.18,105.3,BTC
2013-06-10 21:55:21,0.18,105.29,BTC
2013-06-10 21:55:45,0.18,105.3,BTC
2013-06-10 21:55:45,0.18,105.1,BTC
2013-06-10 21:55:45,0.18,105.0,BTC
2013-06-10 21:56:03,8.22810172,105.0,BTC
2013-06-10 21:56:18,0.9899057,105.01,BTC
2013-06-10 21:56:22,0.9899057,105.01,BTC
2013-06-10 22:00:08,1.0065708,105.06,BTC
2013-06-10 22:05:19,2.715206,105.59,BTC
2013-06-10 22:11:13,0.02,104.8,BTC
2013-06-10 22:13:09,1.64274517,105.03,BTC
2013-06-10 22:13:22,0.17,105.0,BTC
2013-06-10 22:25:53,0.17,105.1,BTC
2013-06-10 22:25:54,0.17,105.0,BTC
2013-06-10 22:26:10,0.17,105.0,BTC
2013-06-10 22:30:02,0.17,105.1,BTC
2013-06-10 22:30:41,0.17,105.1,BTC
2013-06-10 22:31:06,0.17,105.1,BTC
2013-06-10 22:31:44,0.17,105.1,BTC
2013-06-10 22:32:10,0.17,105.1,BTC
2013-06-10 22:32:35,0.17,105.1,BTC
2013-06-10 22:40:19,0.3260186,104.71,BTC
2013-06-10 22:40:36,0.3260186,104.71,BTC
2013-06-10 22:42:42,0.3260186,104.71,BTC
2013-06-10 22:42:50,0.3260186,104.71,BTC
2013-06-10 22:50:26,0.4830186,104.71,BTC
2013-06-10 22:50:35,0.3819256,104.71,BTC
2013-06-10 23:00:50,1.0,104.22,BTC
2013-06-10 23:06:37,18.742472,105.34,BTC
2013-06-10 23:16:34,0.1,104.53,BTC
2013-06-10 23:17:49,0.1,104.52,BTC
2013-06-10 23:22:27,1.64309128,104.42,BTC
2013-06-10 23:22:28,0.2,104.4,BTC
2013-06-10 23:22:30,9.0,104.3,BTC
2013-06-10 23:22:35,0.1,104.52,BTC
2013-06-10 23:29:27,0.17,104.8,BTC
2013-06-10 23:38:03,0.17,104.4,BTC
2013-06-10 23:40:18,0.1746425,104.9,BTC
2013-06-10 23:40:35,0.1746425,104.9,BTC
2013-06-10 23:40:51,0.1746425,104.9,BTC
2013-06-10 23:41:07,0.1746425,104.9,BTC
2013-06-10 23:46:29,0.8745833000000001,104.29,BTC
2013-06-10 23:50:06,2.2947637000000003,104.23,BTC
2013-06-10 23:50:06,10.8670386,104.18,BTC
2013-06-11 00:03:13,3.32965989,104.68,BTC
2013-06-11 00:03:27,1.0,104.2,BTC
2013-06-11 00:03:43,1.0,104.69,BTC
2013-06-11 00:03:58,1.0,104.69,BTC
2013-06-11 00:11:33,0.17,104.6,BTC
2013-06-11 00:11:35,0.17,104.7,BTC
2013-06-11 00:23:50,0.17,104.3,BTC
2013-06-11 00:23:52,0.17,104.2,BTC
2013-06-11 00:23:55,20.15,104.1,BTC
2013-06-11 00:31:20,5.0,103.99,BTC
2013-06-11 00:41:33,1.129,104.0,BTC
2013-06-11 00:47:45,0.4,104.0,BTC
2013-06-11 00:59:48,31.2613847,104.18,BTC
2013-06-11 01:01:21,0.4,104.0,BTC
2013-06-11 01:18:56,2.821,104.0,BTC
2013-06-11 01:18:57,2.009,104.24,BTC
2013-06-11 01:19:46,0.17,104.3,BTC
2013-06-11 01:19:47,0.17,104.5,BTC
2013-06-11 01:19:50,0.17,104.7,BTC
2013-06-11 01:19:52,0.17,104.9,BTC
2013-06-11 01:30:17,0.574001,103.95,BTC
2013-06-11 01:37:55,0.17,104.3,BTC
2013-06-11 01:37:58,0.66,104.5,BTC
2013-06-11 01:38:54,0.17,104.3,BTC
2013-06-11 01:38:56,0.17,104.4,BTC
2013-06-11 01:38:59,0.17,104.5,BTC
2013-06-11 01:39:03,0.17,104.7,BTC
2013-06-11 01:39:07,0.17,104.9,BTC
2013-06-11 01:41:21,0.17,104.4,BTC
2013-06-11 01:41:23,0.17,104.6,BTC
2013-06-11 01:41:26,0.17,104.8,BTC
2013-06-11 01:41:29,4.3676405,104.91,BTC
2013-06-11 01:41:31,0.17,105.0,BTC
2013-06-11 01:41:33,1.2046411,104.88,BTC
2013-06-11 01:41:34,0.7559999999999999,104.9,BTC
2013-06-11 01:41:35,5.0,104.93,BTC
2013-06-11 01:41:37,16.13632,104.96,BTC
2013-06-11 01:41:39,9.1023984,104.98,BTC
2013-06-11 01:43:46,0.17,104.4,BTC
2013-06-11 01:43:49,0.17,104.6,BTC
2013-06-11 01:43:51,0.17,104.8,BTC
2013-06-11 01:43:54,0.17,105.0,BTC
2013-06-11 01:43:56,2.019,104.97,BTC
2013-06-11 01:43:58,36.7233988,105.0,BTC
2013-06-11 01:47:14,1.0,104.98,BTC
2013-06-11 01:47:14,2.502,105.0,BTC
2013-06-11 01:48:07,4.2991704,105.02,BTC
2013-06-11 01:48:09,0.5308295999999999,105.18,BTC
2013-06-11 01:48:18,0.17,105.0,BTC
2013-06-11 01:48:39,0.17,105.0,BTC
2013-06-11 01:49:18,0.17,105.0,BTC
2013-06-11 02:00:47,0.17,104.6,BTC
2013-06-11 02:00:47,0.17,104.8,BTC
2013-06-11 02:00:47,0.17,105.0,BTC
2013-06-11 02:00:48,0.17,105.0,BTC
2013-06-11 02:00:49,0.17,105.0,BTC
2013-06-11 02:00:50,0.17,105.0,BTC
2013-06-11 02:00:52,0.17,105.0,BTC
2013-06-11 02:00:55,0.17,105.0,BTC
2013-06-11 02:00:58,0.17,105.0,BTC
2013-06-11 02:01:00,0.17,105.0,BTC
2013-06-11 02:01:03,0.17,105.0,BTC
2013-06-11 02:01:06,0.17,105.0,BTC
2013-06-11 02:01:09,0.17,105.0,BTC
2013-06-11 02:01:12,0.17,105.0,BTC
2013-06-11 02:01:15,0.17,105.0,BTC
2013-06-11 02:01:19,0.17,105.0,BTC
2013-06-11 02:01:21,0.1964728,104.9,BTC
2013-06-11 02:01:23,16.081601199999998,105.0,BTC
2013-06-11 02:01:25,0.17,105.2,BTC
2013-06-11 02:01:27,6.07388,105.22,BTC
2013-06-11 02:01:29,5.0,105.34,BTC
2013-06-11 02:01:31,2.0,105.4,BTC
2013-06-11 02:01:37,8.577775599999999,105.6,BTC
2013-06-11 02:04:26,0.1,105.1,BTC
2013-06-11 02:05:15,0.17,105.1,BTC
2013-06-11 02:07:35,2.0,105.5,BTC
2013-06-11 02:07:36,0.08571038,105.6,BTC
2013-06-11 02:08:12,0.17,105.4,BTC
2013-06-11 02:08:26,0.17,105.4,BTC
2013-06-11 02:09:03,0.17,105.5,BTC
2013-06-11 02:12:51,0.17,105.4,BTC
2013-06-11 02:25:56,0.17,105.3,BTC
2013-06-11 02:25:57,0.17,105.5,BTC
2013-06-11 02:32:12,1.0,105.48,BTC
2013-06-11 02:34:28,0.17,105.4,BTC
2013-06-11 02:34:33,1.0,105.48,BTC
2013-06-11 02:36:52,0.17,105.5,BTC
2013-06-11 02:37:30,0.17,105.5,BTC
2013-06-11 02:37:53,1.0,105.48,BTC
2013-06-11 02:39:08,0.65,105.6,BTC
2013-06-11 02:45:23,0.17,105.6,BTC
2013-06-11 02:45:47,0.17,105.6,BTC
2013-06-11 02:46:03,0.17,105.6,BTC
2013-06-11 02:46:27,0.17,105.6,BTC
2013-06-11 02:46:43,0.17,105.6,BTC
2013-06-11 02:50:17,0.7522903000000001,105.01,BTC
2013-06-11 03:00:26,1.1980719,105.0,BTC
2013-06-11 03:04:19,0.17,105.01,BTC
2013-06-11 03:04:45,0.17,105.01,BTC
2013-06-11 03:05:05,0.17,105.01,BTC
2013-06-11 03:05:22,0.17,105.01,BTC
2013-06-11 03:05:41,80.0,105.01,BTC
2013-06-11 03:06:02,0.17,105.01,BTC
2013-06-11 03:06:26,0.17,105.01,BTC
2013-06-11 03:07:07,0.17,105.01,BTC
2013-06-11 03:07:24,0.17,105.01,BTC
2013-06-11 03:07:41,0.17,105.01,BTC
2013-06-11 03:08:14,0.17,105.01,BTC
2013-06-11 03:08:23,0.17,105.01,BTC
2013-06-11 03:09:32,1.0,105.01,BTC
2013-06-11 03:10:04,0.17,105.4,BTC
2013-06-11 03:10:06,0.17,105.7,BTC
2013-06-11 03:10:08,0.17,105.5,BTC
2013-06-11 03:10:11,0.15,105.3,BTC
2013-06-11 03:10:18,0.6630057,104.45,BTC
2013-06-11 03:10:35,0.17,105.4,BTC
2013-06-11 03:10:52,0.17,105.4,BTC
2013-06-11 03:11:09,0.17,105.8,BTC
2013-06-11 03:11:10,0.17,105.6,BTC
2013-06-11 03:11:12,0.17,105.4,BTC
2013-06-11 03:11:26,5.700000000000001e-06,104.45,BTC
2013-06-11 03:12:29,5.700000000000001e-06,104.45,BTC
2013-06-11 03:19:23,0.4030381,104.46,BTC
2013-06-11 03:19:41,0.4030381,104.46,BTC
2013-06-11 03:30:20,0.8413966,103.4,BTC
2013-06-11 03:31:10,0.16,105.4,BTC
2013-06-11 03:31:10,0.16,105.2,BTC
2013-06-11 03:31:11,49.2,105.01,BTC
2013-06-11 03:31:30,0.8899261,104.23,BTC
2013-06-11 03:31:46,0.16,105.01,BTC
2013-06-11 03:32:18,0.8631924999999999,103.43,BTC
2013-06-11 03:36:19,0.1468616,103.46,BTC
2013-06-11 03:44:12,0.1,104.1,BTC
2013-06-11 03:44:14,0.16,104.6,BTC
2013-06-11 03:44:16,0.16,104.8,BTC
2013-06-11 03:44:18,0.16,104.9,BTC
2013-06-11 03:44:20,0.16,105.1,BTC
2013-06-11 03:44:22,0.16,105.3,BTC
2013-06-11 03:44:24,0.16,105.5,BTC
2013-06-11 03:44:25,1.694,105.41,BTC
2013-06-11 03:44:26,2.0262214,105.59,BTC
2013-06-11 03:48:42,2.0,105.4,BTC
2013-06-11 03:49:48,1.0,105.4,BTC
2013-06-11 03:54:07,30.0,105.4,BTC
2013-06-11 03:55:16,30.0,105.4,BTC
2013-06-11 04:06:21,0.767,103.46,BTC
2013-06-11 04:07:17,0.1,104.1,BTC
2013-06-11 04:07:26,0.17102915,103.46,BTC
2013-06-11 04:07:40,0.16,103.53,BTC
2013-06-11 04:07:56,0.16,103.53,BTC
2013-06-11 04:08:13,0.16,103.53,BTC
2013-06-11 04:08:21,0.16,103.53,BTC
2013-06-11 04:08:38,0.16,103.53,BTC
2013-06-11 04:08:55,0.16,103.53,BTC
2013-06-11 04:09:19,0.8441363000000002,103.4,BTC
2013-06-11 04:09:23,0.8441363000000002,103.4,BTC
2013-06-11 04:11:01,0.8,104.0,BTC
2013-06-11 04:20:14,0.5060429,103.51,BTC
2013-06-11 04:47:04,0.2,104.59,BTC
2013-06-11 05:01:28,0.2305,105.59,BTC
2013-06-11 05:20:38,1.0,105.5,BTC
2013-06-11 05:51:10,0.5,104.45,BTC
2013-06-11 05:57:13,0.5,104.31,BTC
2013-06-11 06:14:17,0.7,104.36,BTC
2013-06-11 06:17:45,1.65693141,104.31,BTC
2013-06-11 06:17:45,0.67640193,104.31,BTC
2013-06-11 06:24:25,2.6522,104.3,BTC
2013-06-11 06:30:32,0.7595086999999999,104.22,BTC
2013-06-11 06:34:16,6.0,104.2,BTC
2013-06-11 06:34:25,1.4676903,104.19,BTC
2013-06-11 07:00:13,0.01,104.11,BTC
2013-06-11 07:09:54,2.0,104.93,BTC
2013-06-11 07:33:04,0.4722063,104.17,BTC
2013-06-11 07:40:04,2.0,105.0,BTC
2013-06-11 07:42:47,1.8854,105.49,BTC
2013-06-11 07:42:48,3.9774954,105.59548,BTC
2013-06-11 07:44:59,1.8689863,105.75,BTC
2013-06-11 07:47:08,0.5,104.55,BTC
2013-06-11 07:48:05,0.1,104.77,BTC
2013-06-11 07:48:30,0.1,104.78,BTC
2013-06-11 07:51:15,3.33483322,105.8,BTC
2013-06-11 07:55:51,0.6504890999999999,104.76,BTC
2013-06-11 07:55:51,0.942987,105.79,BTC
2013-06-11 07:55:52,45.2480249,106.0,BTC
2013-06-11 07:56:30,0.239,105.76,BTC
2013-06-11 07:56:31,4.751975099999999,106.0,BTC
2013-06-11 07:56:32,7.7895647,105.9,BTC
2013-06-11 07:56:33,0.0212766,105.94,BTC
2013-06-11 07:56:33,3.0,105.97,BTC
2013-06-11 07:56:34,20.0,106.06,BTC
2013-06-11 07:56:35,20.0,106.16,BTC
2013-06-11 07:56:36,1.7763964,106.17,BTC
2013-06-11 07:56:36,3.0660000000000003,106.23,BTC
2013-06-11 07:56:36,0.7099300000000001,106.33,BTC
2013-06-11 07:56:36,0.3,106.42,BTC
2013-06-11 07:56:37,1.0,106.5,BTC
2013-06-11 07:56:37,7.3322004,106.66,BTC
2013-06-11 07:56:43,0.1,105.0,BTC
2013-06-11 07:57:32,0.3182047,106.65,BTC
2013-06-11 07:57:33,0.9899869,106.86,BTC
2013-06-11 07:57:33,0.4,106.95,BTC
2013-06-11 07:57:34,46.38765,106.97,BTC
2013-06-11 07:57:35,8.890830300000003,107.0,BTC
2013-06-11 07:57:35,0.9900019,107.02,BTC
2013-06-11 07:57:36,4.9496449999999985,107.04,BTC
2013-06-11 07:57:36,2.9699234,107.06,BTC
2013-06-11 07:57:37,1.9799216,107.08,BTC
2013-06-11 07:57:37,0.9899188,107.13,BTC
2013-06-11 07:57:38,3.042,107.19,BTC
2013-06-11 07:57:38,1.027028,107.3,BTC
2013-06-11 07:57:39,0.7199631999999999,107.33,BTC
2013-06-11 07:57:40,0.3,107.42,BTC
2013-06-11 07:57:41,11.3503417,107.45,BTC
2013-06-11 07:58:36,0.1012152,106.71,BTC
2013-06-11 07:59:20,0.25,106.65,BTC
2013-06-11 07:59:36,1.0,106.9,BTC
2013-06-11 07:59:37,5.3124400000000005,106.8,BTC
2013-06-11 08:01:42,0.3,107.0,BTC
2013-06-11 08:04:57,0.1,106.06,BTC
2013-06-11 08:06:00,0.1,106.06,BTC
2013-06-11 08:06:25,0.1,106.22,BTC
2013-06-11 08:16:16,1.0,106.0,BTC
2013-06-11 08:22:16,0.8,106.61,BTC
2013-06-11 08:26:20,0.3735336,106.55,BTC
2013-06-11 08:30:20,0.0380054,105.59,BTC
2013-06-11 08:30:41,0.38362978,105.58,BTC
2013-06-11 08:30:42,0.33333334,105.3,BTC
2013-06-11 08:30:47,0.3378569,105.28,BTC
2013-06-11 08:31:18,0.5,105.63,BTC
2013-06-11 08:31:27,0.35296246,105.07492,BTC
2013-06-11 08:31:38,1.3137042,105.07492,BTC
2013-06-11 08:41:18,1.0,105.89,BTC
2013-06-11 08:53:49,0.33447715,105.08491,BTC
2013-06-11 09:19:20,6.2180577,105.64,BTC
2013-06-11 09:19:20,1.22,105.25,BTC
2013-06-11 09:19:21,1.66666666,105.10489,BTC
2013-06-11 09:19:22,2.1678807,105.21,BTC
2013-06-11 09:19:22,1.545,105.01,BTC
2013-06-11 09:19:27,1.6424787,105.22,BTC
2013-06-11 09:19:50,0.5,106.0,BTC
2013-06-11 09:21:10,24.4736191,105.0,BTC
2013-06-11 09:21:28,1.64997256,105.0,BTC
2013-06-11 09:21:44,5.7474690000000015,105.01,BTC
2013-06-11 09:26:54,0.9795455,105.6,BTC
2013-06-11 09:27:30,33.58055979,105.0,BTC
2013-06-11 09:31:29,2.5684150000000003,105.74,BTC
2013-06-11 09:31:45,3.80214479,105.0,BTC
2013-06-11 09:44:41,6.34027297,106.0,BTC
2013-06-11 09:51:14,1.0,106.0,BTC
2013-06-11 10:07:09,2.0,106.59,BTC
2013-06-11 10:17:07,15.13155782,106.6,BTC
2013-06-11 10:32:45,1.0,106.02,BTC
2013-06-11 10:36:31,0.12669280000000002,105.75,BTC
2013-06-11 10:37:23,0.8161698000000001,105.74,BTC
2013-06-11 10:38:44,0.9433962,105.73,BTC
2013-06-11 10:38:45,1.64921186,105.55,BTC
2013-06-11 10:38:52,3.968,105.54,BTC
2013-06-11 10:38:52,0.3,105.5,BTC
2013-06-11 10:39:09,2.43,105.55,BTC
2013-06-11 10:43:27,1.965858,105.01,BTC
2013-06-11 10:43:27,0.9516559,104.99,BTC
2013-06-11 10:44:04,3.0,104.98,BTC
2013-06-11 10:46:21,1.66663399,105.09,BTC
2013-06-11 10:46:21,0.551,105.1,BTC
2013-06-11 10:47:01,2.146,104.94,BTC
2013-06-11 11:07:15,0.448,106.9,BTC
2013-06-11 11:09:14,0.8,106.83,BTC
2013-06-11 11:13:56,0.8187004,106.61,BTC
2013-06-11 11:15:47,1.1450776000000005,106.61,BTC
2013-06-11 11:16:11,2.14,106.3,BTC
2013-06-11 11:19:25,0.941,105.68,BTC
2013-06-11 11:19:26,0.11373110000000004,105.40458999999998,BTC
2013-06-11 11:20:54,0.1522069,105.58,BTC
2013-06-11 11:24:47,3.2946325,105.99,BTC
2013-06-11 11:27:33,0.65689826,105.57,BTC
2013-06-11 11:27:33,0.33044086,105.40458999999998,BTC
2013-06-11 11:30:07,0.08272552,106.0,BTC
2013-06-11 11:36:40,0.1800736,106.0,BTC
2013-06-11 11:40:36,1.6035453000000002,106.62,BTC
2013-06-11 11:41:43,0.3199264,106.49,BTC
2013-06-11 11:45:48,1.2348357,106.5,BTC
2013-06-11 11:46:48,0.51,106.0,BTC
2013-06-11 11:49:08,1.3794357,106.5,BTC
2013-06-11 11:53:10,1.2318343,106.62,BTC
2013-06-11 11:53:19,1.0,106.3,BTC
2013-06-11 11:53:28,0.466,106.15,BTC
2013-06-11 12:01:58,0.7629519,105.84,BTC
2013-06-11 12:01:59,0.1370481,105.56,BTC
2013-06-11 12:11:46,0.5509771,105.84,BTC
2013-06-11 12:13:30,0.14916,105.94,BTC
2013-06-11 12:13:30,0.29986290000000004,105.61,BTC
2013-06-11 12:13:51,0.7601371,105.6,BTC
2013-06-11 12:16:16,0.16,105.7,BTC
2013-06-11 12:16:17,0.16,105.5,BTC
2013-06-11 12:16:17,0.36,105.55,BTC
2013-06-11 12:18:42,0.16,105.7,BTC
2013-06-11 12:18:43,0.16,105.5,BTC
2013-06-11 12:20:27,0.16,105.7,BTC
2013-06-11 12:20:28,0.16,105.5,BTC
2013-06-11 12:21:35,5.0,105.63,BTC
2013-06-11 12:21:36,12.9199811,105.6,BTC
2013-06-11 12:32:16,0.16,105.98,BTC
2013-06-11 12:32:49,0.16,105.98,BTC
2013-06-11 12:33:17,0.16,105.98,BTC
2013-06-11 12:33:39,0.16,105.98,BTC
2013-06-11 12:36:46,1.89053797,105.98,BTC
2013-06-11 12:40:25,0.15,105.99,BTC
2013-06-11 13:02:57,0.22890206,106.29,BTC
2013-06-11 13:08:39,2.0,106.33,BTC
2013-06-11 13:13:44,0.503,106.4,BTC
2013-06-11 13:14:35,1.65036923,106.4,BTC
2013-06-11 13:14:51,1.0,106.4,BTC
2013-06-11 13:16:44,1.0,106.36,BTC
2013-06-11 13:17:03,0.15,106.4,BTC
2013-06-11 13:18:00,1.8518816,106.41,BTC
2013-06-11 13:18:17,0.5,106.45,BTC
2013-06-11 13:18:26,5.0,106.4,BTC
2013-06-11 13:18:35,2.263,106.41,BTC
2013-06-11 13:18:55,1.0,106.35,BTC
2013-06-11 13:19:12,0.8,107.04,BTC
2013-06-11 13:20:17,0.9342302,106.56,BTC
2013-06-11 13:20:34,1.6592133999999998,106.57,BTC
2013-06-11 13:21:30,0.6809999999999999,106.4,BTC
2013-06-11 13:21:38,3.362,106.4,BTC
2013-06-11 13:21:47,2.5842821,106.41,BTC
2013-06-11 13:22:23,1.6618375,106.43,BTC
2013-06-11 13:24:01,0.5968357,107.02,BTC
2013-06-11 13:33:05,8.4208263,106.98,BTC
2013-06-11 13:33:30,0.2,106.4,BTC
2013-06-11 13:34:34,0.2,106.4,BTC
2013-06-11 13:39:38,1.0,106.39,BTC
2013-06-11 13:41:38,0.2,106.4,BTC
2013-06-11 13:42:40,0.2,106.4,BTC
2013-06-11 13:43:38,4.5854323,106.4,BTC
2013-06-11 13:43:47,1.265,106.41,BTC
2013-06-11 13:46:53,6.7365849,106.41,BTC
2013-06-11 13:47:16,1.0,106.4,BTC
2013-06-11 13:48:08,10.61898227,106.42,BTC
2013-06-11 13:49:21,0.15139293,106.42,BTC
2013-06-11 13:51:31,0.8426296999999998,106.61,BTC
2013-06-11 13:54:49,4.1280636,106.9,BTC
2013-06-11 13:58:21,1.25,106.5,BTC
2013-06-11 13:58:33,14.75,106.5,BTC
2013-06-11 13:58:59,3.3280000000000003,106.51,BTC
2013-06-11 13:59:09,10.0149086,106.65,BTC
2013-06-11 14:00:21,4.0,106.51,BTC
2013-06-11 14:01:26,2.92,106.5,BTC
2013-06-11 14:02:51,14.25121,107.0,BTC
2013-06-11 14:03:24,1.21010402,106.5,BTC
2013-06-11 14:03:49,0.92,106.71,BTC
2013-06-11 14:08:19,0.6887104000000001,107.09,BTC
2013-06-11 14:08:27,0.6887104000000001,107.09,BTC
2013-06-11 14:11:39,2.0,106.51,BTC
2013-06-11 14:11:39,2.6588442000000003,106.39,BTC
2013-06-11 14:11:39,26.0,106.31,BTC
2013-06-11 14:11:39,0.9387908,106.28,BTC
2013-06-11 14:11:39,0.938879,106.2,BTC
2013-06-11 14:11:41,0.939938,106.15,BTC
2013-06-11 14:11:41,3.015,106.03,BTC
2013-06-11 14:11:41,0.939673,105.88,BTC
2013-06-11 14:11:47,1.87784614,106.0,BTC
2013-06-11 14:11:47,0.27527932,105.79,BTC
2013-06-11 14:12:02,0.9411765,105.74,BTC
2013-06-11 14:12:10,0.23576009,106.04,BTC
2013-06-11 14:12:34,0.23573786,106.05,BTC
2013-06-11 14:12:50,0.1,105.57,BTC
2013-06-11 14:15:18,0.08,106.99,BTC
2013-06-11 14:16:11,0.1,106.16,BTC
2013-06-11 14:17:15,0.1,106.32,BTC
2013-06-11 14:17:16,4.06764475,106.85,BTC
2013-06-11 14:18:28,50.0,106.85,BTC
2013-06-11 14:19:16,0.3,106.26,BTC
2013-06-11 14:20:17,1.0,106.85,BTC
2013-06-11 14:21:53,1.6522192999999998,106.97,BTC
2013-06-11 14:23:07,10.64974175,107.0,BTC
2013-06-11 14:23:16,23.7185981,107.0,BTC
2013-06-11 14:26:09,0.8604895,106.35,BTC
2013-06-11 14:26:09,2.0,106.26,BTC
2013-06-11 14:31:30,0.3,106.83,BTC
2013-06-11 14:41:14,5.7254741,106.95,BTC
2013-06-11 14:43:43,0.3,106.42,BTC
2013-06-11 14:48:47,1.0,106.9,BTC
2013-06-11 15:00:23,3.31911913,106.5,BTC
2013-06-11 15:00:35,0.62225997,106.5,BTC
2013-06-11 15:22:29,0.1,106.31,BTC
2013-06-11 15:30:06,0.16,106.31,BTC
2013-06-11 15:38:17,19.6311015,106.91,BTC
2013-06-11 15:39:26,20.0,106.91,BTC
2013-06-11 15:42:21,0.3,106.91,BTC
2013-06-11 15:43:43,0.35,106.91,BTC
2013-06-11 16:09:20,0.45,106.97,BTC
2013-06-11 16:16:00,0.0143,107.17,BTC
2013-06-11 16:17:14,1.0,107.23,BTC
2013-06-11 16:17:27,0.0137609,107.22,BTC
2013-06-11 16:17:53,2.9189293,107.27,BTC
2013-06-11 16:17:53,3.9601081,107.29,BTC
2013-06-11 16:17:54,0.7599923000000001,107.33,BTC
2013-06-11 16:17:54,50.9387908,107.35,BTC
2013-06-11 16:17:59,2.0,107.25,BTC
2013-06-11 16:19:42,0.6022162,107.23,BTC
2013-06-11 16:19:42,4.24,107.05,BTC
2013-06-11 16:19:51,1.6880736,107.44,BTC
2013-06-11 16:19:52,5.1698047,107.46,BTC
2013-06-11 16:19:52,0.6,107.5,BTC
2013-06-11 16:19:52,0.9900558,107.6,BTC
2013-06-11 16:19:52,0.9342302,107.64,BTC
2013-06-11 16:19:53,4.9291245,107.67,BTC
2013-06-11 16:19:53,1.72029182,107.68,BTC
2013-06-11 16:21:26,0.906,107.85,BTC
2013-06-11 16:23:55,0.25,108.0,BTC
2013-06-11 16:24:18,70.0,108.0,BTC
2013-06-11 16:25:22,0.75,108.0,BTC
2013-06-11 16:25:49,8.0,108.0,BTC
2013-06-11 16:28:38,2.1,106.68,BTC
2013-06-11 16:32:39,3.584,107.05,BTC
2013-06-11 16:40:22,0.468,107.93,BTC
2013-06-11 16:50:11,5.0,107.93,BTC
2013-06-11 16:50:55,3.0,107.95,BTC
2013-06-11 16:51:31,1.6263031,107.9,BTC
2013-06-11 16:51:31,0.044832300000000005,108.0,BTC
2013-06-11 16:52:02,0.3,107.95,BTC
2013-06-11 16:53:53,0.5,108.01,BTC
2013-06-11 17:05:44,5.0,107.75,BTC
2013-06-11 17:10:18,0.731012,107.41,BTC
2013-06-11 17:13:36,3.537976,107.65,BTC
2013-06-11 17:14:43,0.27393959999999995,107.65,BTC
2013-06-11 17:20:18,1.66495122,107.61,BTC
2013-06-11 17:23:37,8.55,107.62,BTC
2013-06-11 17:23:46,10.0,107.64,BTC
2013-06-11 17:24:12,1.6396558999999995,107.64,BTC
2013-06-11 17:24:53,1.65785042,107.64,BTC
2013-06-11 17:24:59,10.0,107.64,BTC
2013-06-11 17:25:10,6.72874672,107.62,BTC
2013-06-11 17:25:23,5.0,107.64,BTC
2013-06-11 17:26:11,5.0,107.41,BTC
2013-06-11 17:26:20,5.66495122,107.41,BTC
2013-06-11 17:26:30,0.5261719,107.61,BTC
2013-06-11 17:27:37,1.01064766,107.62,BTC
2013-06-11 17:28:02,8.46318044,107.62,BTC
2013-06-11 17:28:34,10.0,107.41,BTC
2013-06-11 17:29:11,8.55,107.4,BTC
2013-06-11 17:29:15,10.0,107.4,BTC
2013-06-11 17:30:19,10.0,107.4,BTC
2013-06-11 17:30:24,10.0,107.4,BTC
2013-06-11 17:31:05,0.5,107.35,BTC
2013-06-11 17:35:14,1.0,107.32,BTC
2013-06-11 17:40:02,3.55,107.84,BTC
2013-06-11 17:40:33,3.30839657,107.89,BTC
2013-06-11 17:40:33,1.0,107.9,BTC
2013-06-11 17:44:50,6.4,107.99,BTC
2013-06-11 17:54:12,15.0,107.75,BTC
2013-06-11 18:05:08,0.5573136,107.8,BTC
2013-06-11 18:10:22,0.5,107.35,BTC
2013-06-11 18:11:01,10.0,107.3,BTC
2013-06-11 18:12:46,0.5,107.1,BTC
2013-06-11 18:12:48,1.998,107.02,BTC
2013-06-11 18:12:49,1.9623025,107.0,BTC
2013-06-11 18:13:59,0.5,107.01,BTC
2013-06-11 18:13:59,8.4956125,107.0,BTC
2013-06-11 18:14:43,6.0,107.0,BTC
2013-06-11 18:18:13,10.0,107.0,BTC
2013-06-11 18:18:21,1.0,106.9,BTC
2013-06-11 18:18:22,0.9265265,106.85,BTC
2013-06-11 18:20:27,0.5489999999999999,106.81,BTC
2013-06-11 18:20:29,1.0,106.6,BTC
2013-06-11 18:20:30,0.9276438,106.72,BTC
2013-06-11 18:20:32,8.0,106.67,BTC
2013-06-11 18:20:33,0.9291953000000002,106.54,BTC
2013-06-11 18:20:35,3.0,106.45,BTC
2013-06-11 18:20:36,0.931012,106.33,BTC
2013-06-11 18:20:38,1.6568176,106.26,BTC
2013-06-11 18:20:42,9.3576552,106.22,BTC
2013-06-11 18:22:54,0.4884092,106.55,BTC
2013-06-11 18:27:26,1.0,106.58,BTC
2013-06-11 18:28:12,0.5115875,106.54,BTC
2013-06-11 18:28:38,1.0,106.4,BTC
2013-06-11 18:31:00,1.0,106.3,BTC
2013-06-11 18:31:00,2.0,106.28,BTC
2013-06-11 18:31:01,10.384,106.22,BTC
2013-06-11 18:32:39,1.0,106.54,BTC
2013-06-11 18:33:17,0.1,106.525,BTC
2013-06-11 18:33:26,0.1,106.58,BTC
2013-06-11 18:34:40,0.1,106.52,BTC
2013-06-11 18:34:50,0.1,106.52,BTC
2013-06-11 18:35:12,0.1,106.52,BTC
2013-06-11 18:35:22,0.1,106.52,BTC
2013-06-11 18:36:35,0.5,106.3,BTC
2013-06-11 18:41:04,21.8582039,106.22,BTC
2013-06-11 18:44:55,0.442,107.0,BTC
2013-06-11 18:54:36,2.89,106.21,BTC
2013-06-11 18:58:44,1.004,106.24,BTC
2013-06-11 18:58:44,0.908,106.22,BTC
2013-06-11 18:58:44,0.2,106.08,BTC
2013-06-11 18:58:44,2.2968283,106.02,BTC
2013-06-11 19:00:20,0.9430404,106.04,BTC
2013-06-11 19:02:05,1.65963367,106.05,BTC
2013-06-11 19:02:05,0.2375566000000001,106.08,BTC
2013-06-11 19:02:05,2.6242836,106.04,BTC
2013-06-11 19:09:20,3.33067627,107.06,BTC
2013-06-11 19:09:20,0.37412373,107.23,BTC
2013-06-11 19:15:01,1.64318835,106.74,BTC
2013-06-11 19:15:02,2.035,106.73,BTC
2013-06-11 19:15:03,1.66666666,106.55344,BTC
2013-06-11 19:15:03,5.0,106.7,BTC
2013-06-11 19:15:03,39.77444619,106.66,BTC
2013-06-11 19:55:21,1.0077,107.19,BTC
2013-06-11 20:04:40,0.2042168,107.19,BTC
2013-06-11 20:13:21,3.31881564,107.23,BTC
2013-06-11 20:13:27,10.0,107.24,BTC
2013-06-11 20:13:48,7.527900099999999,107.24,BTC
2013-06-11 20:18:19,1.0,107.12,BTC
2013-06-11 20:23:49,0.03528,107.85,BTC
2013-06-11 20:25:52,0.25,107.68,BTC
2013-06-11 20:27:20,0.8333333,107.44,BTC
2013-06-11 20:27:30,1.0,107.49,BTC
2013-06-11 20:32:07,0.03492,107.53,BTC
2013-06-11 20:32:22,0.03567,107.51,BTC
2013-06-11 20:32:39,19.3482649,107.55,BTC
2013-06-11 21:04:12,0.25,107.94,BTC
2013-06-11 21:05:29,0.07164,107.06,BTC
2013-06-11 21:05:30,0.03592,107.04,BTC
2013-06-11 21:05:32,0.03574,107.02,BTC
2013-06-11 21:05:33,0.0133,107.0,BTC
2013-06-11 21:11:30,0.688095,106.69,BTC
2013-06-11 21:22:20,3.31753813,106.55,BTC
2013-06-11 21:22:20,0.16779097,106.55,BTC
2013-06-11 21:37:54,0.1185785,107.21,BTC
2013-06-11 21:38:57,0.1185785,107.21,BTC
2013-06-11 21:43:45,1.6586512999999998,106.99,BTC
2013-06-11 21:44:02,1.6628093000000002,106.99,BTC
2013-06-11 21:44:21,1.38,107.0,BTC
2013-06-11 21:44:44,1.65268325,106.99,BTC
2013-06-11 21:45:08,1.65052701,106.99,BTC
2013-06-11 21:45:24,0.8332029000000001,107.0,BTC
2013-06-11 21:45:47,3.5,107.01,BTC
2013-06-11 21:46:20,29.77180776,106.99,BTC
2013-06-11 21:48:29,0.034960000000000005,107.41,BTC
2013-06-11 21:48:29,0.03486,107.43,BTC
2013-06-11 21:48:31,1.684249,107.45,BTC
2013-06-11 21:48:32,0.03494,107.47,BTC
2013-06-11 21:48:33,0.03512,107.49,BTC
2013-06-11 21:48:52,3.30647043,107.5,BTC
2013-06-11 21:51:29,0.8982357,107.06,BTC
2013-06-11 21:53:48,15.47049214,107.5,BTC
2013-06-11 21:55:06,3.987723200000002,107.52,BTC
2013-06-11 21:57:31,0.01722976,107.02,BTC
2013-06-11 22:01:23,0.5550957,107.06,BTC
2013-06-11 22:09:38,4.0,107.58,BTC
2013-06-11 22:16:54,6.0,107.58,BTC
2013-06-11 22:16:56,3.2280562,107.47,BTC
2013-06-11 22:16:58,0.03512,107.49,BTC
2013-06-11 22:20:28,0.9332711,107.15,BTC
2013-06-11 22:24:34,0.88138196,107.2,BTC
2013-06-11 22:27:22,10.0,107.67,BTC
2013-06-11 22:40:45,19.0,107.67,BTC
2013-06-11 22:45:32,0.03545,107.62,BTC
2013-06-11 22:45:32,0.03535,107.64,BTC
2013-06-11 22:55:51,3.00924816,107.855,BTC
2013-06-11 23:01:28,1.00924816,107.99,BTC
2013-06-11 23:04:32,0.0108038,107.83,BTC
2013-06-11 23:04:33,0.9203816,107.36,BTC
2013-06-12 00:12:00,0.1,107.07,BTC
2013-06-12 00:12:01,13.23917316,107.0,BTC
2013-06-12 00:12:26,0.03539,106.95,BTC
2013-06-12 00:12:26,0.03549,106.93,BTC
2013-06-12 00:12:26,1.6922892,106.91,BTC
2013-06-12 00:12:27,0.035410000000000004,106.89,BTC
2013-06-12 00:12:28,0.03551,106.87,BTC
2013-06-12 00:12:29,0.03561,106.85,BTC
2013-06-12 00:12:30,1.5904334,106.83,BTC
2013-06-12 00:12:31,2.15353,106.81,BTC
2013-06-12 00:12:32,0.03563,106.79,BTC
2013-06-12 00:12:33,0.03545,106.77,BTC
2013-06-12 00:12:34,0.03555,106.75,BTC
2013-06-12 00:16:07,0.03569,107.18,BTC
2013-06-12 00:16:08,0.03559,107.2,BTC
2013-06-12 00:16:09,0.03577,107.22,BTC
2013-06-12 00:16:09,0.03567,107.24,BTC
2013-06-12 00:16:10,0.03557,107.26,BTC
2013-06-12 00:16:11,0.03575,107.28,BTC
2013-06-12 00:16:11,0.0685,107.3,BTC
2013-06-12 00:16:12,0.398,107.32,BTC
2013-06-12 00:28:03,10.0,107.14,BTC
2013-06-12 00:29:12,10.0,107.14,BTC
2013-06-12 01:00:17,0.0137324,106.91,BTC
2013-06-12 01:27:37,0.7537735,107.32,BTC
2013-06-12 01:51:54,0.7633774999999999,107.01,BTC
2013-06-12 01:51:55,0.03443,107.32,BTC
2013-06-12 01:55:40,0.7633774999999999,107.01,BTC
2013-06-12 01:55:40,0.03443,107.32,BTC
2013-06-12 02:00:29,0.9345794,107.0,BTC
2013-06-12 02:00:38,0.53271627,107.0,BTC
2013-06-12 02:09:26,0.2891767,107.46,BTC
2013-06-12 02:16:11,0.035930000000000004,107.01,BTC
2013-06-12 02:16:12,0.07038,106.99,BTC
2013-06-12 02:16:12,0.6352899999999999,106.97,BTC
2013-06-12 02:16:13,0.03539,106.95,BTC
2013-06-12 02:16:13,0.6624899999999999,106.93,BTC
2013-06-12 02:16:14,0.03531,106.91,BTC
2013-06-12 02:16:14,0.07082000000000001,106.89,BTC
2013-06-12 02:16:15,0.03551,106.87,BTC
2013-06-12 02:16:15,0.03561,106.85,BTC
2013-06-12 02:16:16,0.03543,106.83,BTC
2013-06-12 02:16:16,0.03553,106.81,BTC
2013-06-12 02:16:16,0.03563,106.79,BTC
2013-06-12 02:16:17,0.0709,106.77,BTC
2013-06-12 02:16:17,0.03555,106.75,BTC
2013-06-12 02:16:18,0.03565,106.73,BTC
2013-06-12 02:16:18,0.03575,106.71,BTC
2013-06-12 02:16:18,0.03557,106.69,BTC
2013-06-12 02:16:18,1.64820269,106.51,BTC
2013-06-12 02:16:19,1.0,106.5,BTC
2013-06-12 02:16:19,0.03577,106.65,BTC
2013-06-12 02:16:19,0.53559,106.63,BTC
2013-06-12 02:16:19,0.03569,106.61,BTC
2013-06-12 02:16:20,0.035789999999999995,106.59,BTC
2013-06-12 02:16:20,0.03561,106.57,BTC
2013-06-12 02:16:20,1.66666666,106.3936,BTC
2013-06-12 02:16:20,0.03562,106.54,BTC
2013-06-12 02:16:20,3.919088,106.52,BTC
2013-06-12 02:25:09,0.1,107.6,BTC
2013-06-12 02:29:48,6.0,107.2,BTC
2013-06-12 02:31:35,0.8899285,107.99,BTC
2013-06-12 02:44:56,14.823,107.99,BTC
2013-06-12 03:05:27,0.1,106.32,BTC
2013-06-12 03:05:28,0.04712,106.33,BTC
2013-06-12 03:22:54,1.0,107.48,BTC
2013-06-12 03:23:25,0.0034182,107.66,BTC
2013-06-12 03:27:42,0.03501,106.97,BTC
2013-06-12 03:27:42,0.03425,106.99,BTC
2013-06-12 03:44:08,1.0,107.48,BTC
2013-06-12 03:44:09,27.3608768,107.49,BTC
2013-06-12 03:47:26,3.0661188,107.08,BTC
2013-06-12 03:47:26,0.03574,107.02,BTC
2013-06-12 03:47:26,1.8263812,107.0,BTC
2013-06-12 03:57:02,0.035505,107.45,BTC
2013-06-12 03:57:02,0.8285574,107.47,BTC
2013-06-12 03:57:03,0.035585000000000006,107.49,BTC
2013-06-12 03:57:03,0.03502,107.51,BTC
2013-06-12 03:57:03,0.035664999999999995,107.53,BTC
2013-06-12 03:57:03,0.5,107.56,BTC
2013-06-12 03:57:04,0.25203760000000003,107.68,BTC
2013-06-12 03:59:04,0.07111,107.58,BTC
2013-06-12 03:59:05,0.03527,107.6,BTC
2013-06-12 03:59:05,0.035635,107.62,BTC
2013-06-12 03:59:05,0.03535,107.64,BTC
2013-06-12 03:59:05,0.03525,107.66,BTC
2013-06-12 03:59:05,0.035615,107.68,BTC
2013-06-12 03:59:05,0.03533,107.7,BTC
2013-06-12 04:00:48,0.9288037,107.66,BTC
2013-06-12 04:00:49,0.1746395,107.69,BTC
2013-06-12 04:01:36,0.03533,107.7,BTC
2013-06-12 04:01:36,1.4130518,107.72,BTC
2013-06-12 04:03:36,0.16582049999999998,107.7,BTC
2013-06-12 04:03:36,0.2825613,107.72,BTC
2013-06-12 04:32:00,0.99,107.52,BTC
2013-06-12 04:39:56,1.0,107.79,BTC
2013-06-12 04:39:57,4.85062991,107.99,BTC
2013-06-12 04:39:59,4.0,108.0,BTC
2013-06-12 05:04:12,0.8968018,107.22,BTC
2013-06-12 05:32:51,1.0,107.25,BTC
2013-06-12 05:38:19,10.0,107.7,BTC
2013-06-12 05:40:36,8.0,107.7,BTC
2013-06-12 05:44:22,1.63902468,107.27,BTC
2013-06-12 05:56:38,1.0,107.28,BTC
2013-06-12 06:07:16,0.3070137,107.55,BTC
2013-06-12 06:07:16,0.03533,107.7,BTC
2013-06-12 06:07:16,0.5513913,107.73,BTC
2013-06-12 06:07:26,7.9125452,107.21,BTC
2013-06-12 06:23:39,3.0,107.27,BTC
2013-06-12 06:23:48,1.0,107.27,BTC
2013-06-12 06:53:02,1.65,106.98,BTC
2013-06-12 07:22:09,0.8644537,106.9,BTC
2013-06-12 07:29:43,1.6026626,107.0,BTC
2013-06-12 07:30:17,0.9355412,106.89,BTC
2013-06-12 07:35:43,1.14,107.02,BTC
2013-06-12 07:43:43,0.0996161,107.18,BTC
2013-06-12 07:43:43,0.07197,106.85,BTC
2013-06-12 07:43:44,0.03543,106.83,BTC
2013-06-12 07:43:44,0.03553,106.81,BTC
2013-06-12 07:43:44,0.00745157,106.79,BTC
2013-06-12 08:10:33,0.036005,106.79,BTC
2013-06-12 08:32:37,1.65003582,106.66,BTC
2013-06-12 08:32:37,2.0,106.81,BTC
2013-06-12 08:32:37,0.036005,106.79,BTC
2013-06-12 08:32:37,0.03545,106.77,BTC
2013-06-12 08:38:20,3.05,106.97,BTC
2013-06-12 09:10:46,1.35285542,106.6933,BTC
2013-06-12 09:32:20,0.5,107.99,BTC
2013-06-12 09:32:51,2.05,107.93,BTC
2013-06-12 09:33:58,0.02,107.93,BTC
2013-06-12 09:45:25,0.15,107.3,BTC
2013-06-12 09:45:27,0.15,107.5,BTC
2013-06-12 09:46:20,0.15,107.4,BTC
2013-06-12 09:46:45,4.0323464,107.9,BTC
2013-06-12 09:46:54,1.0,108.23,BTC
2013-06-12 09:53:32,0.14288,107.4,BTC
2013-06-12 09:53:34,0.15,107.4,BTC
2013-06-12 09:54:03,0.15,107.3,BTC
2013-06-12 09:55:34,0.15,107.4,BTC
2013-06-12 10:15:17,1.0,107.48,BTC
2013-06-12 10:16:08,1.0985469,107.47,BTC
2013-06-12 10:17:42,0.8388844000000001,107.78,BTC
2013-06-12 10:23:35,0.191795,107.71,BTC
2013-06-12 10:24:42,0.191795,107.71,BTC
2013-06-12 10:25:19,0.8082050000000001,107.73,BTC
2013-06-12 10:26:21,0.5336850000000001,107.73,BTC
2013-06-12 10:26:38,0.038575,107.45,BTC
2013-06-12 10:26:47,0.03864,107.53,BTC
2013-06-12 10:26:56,0.03855,107.52,BTC
2013-06-12 10:27:05,0.038465,107.5,BTC
2013-06-12 10:27:16,0.038375,107.49,BTC
2013-06-12 10:28:39,0.03878,107.4,BTC
2013-06-12 10:29:27,0.92248,107.84,BTC
2013-06-12 10:29:57,0.15,107.4,BTC
2013-06-12 10:30:23,0.15,107.45,BTC
2013-06-12 10:31:05,0.15,107.45,BTC
2013-06-12 10:34:34,0.15,107.4,BTC
2013-06-12 10:35:26,6.7475071,107.94,BTC
2013-06-12 10:35:52,0.15,107.4,BTC
2013-06-12 10:42:24,0.15,107.5,BTC
2013-06-12 10:42:29,0.15,107.6,BTC
2013-06-12 10:43:00,0.16,107.4,BTC
2013-06-12 10:43:01,0.16,107.6,BTC
2013-06-12 10:43:17,0.16,107.5,BTC
2013-06-12 10:43:33,0.16,107.4,BTC
2013-06-12 10:43:34,0.16,107.6,BTC
2013-06-12 10:43:51,0.16,107.6,BTC
2013-06-12 10:43:59,0.16,107.5,BTC
2013-06-12 10:46:32,0.2667748,107.59,BTC
2013-06-12 10:47:21,0.16,107.4,BTC
2013-06-12 11:12:09,0.16,107.45,BTC
2013-06-12 11:29:12,0.6102751999999999,107.73,BTC
2013-06-12 11:32:10,5.0,107.7,BTC
2013-06-12 11:41:33,25.8829891,107.9,BTC
2013-06-12 11:42:09,13.120846599999998,107.9,BTC
2013-06-12 11:42:10,6.77418602,108.06795,BTC
2013-06-12 11:47:12,10.0,108.1,BTC
2013-06-12 11:56:32,0.1,108.4,BTC
2013-06-12 11:58:08,1.0,108.4,BTC
2013-06-12 11:58:09,0.03773,108.27,BTC
2013-06-12 11:58:09,0.07654,108.31,BTC
2013-06-12 11:58:09,0.07578,108.34,BTC
2013-06-12 11:58:09,1.8273827,108.36,BTC
2013-06-12 11:58:52,1.0,108.58,BTC
2013-06-12 11:59:00,2.2689542,108.51,BTC
2013-06-12 11:59:01,0.4,108.7,BTC
2013-06-12 11:59:01,1.07204,108.59,BTC
2013-06-12 11:59:01,1.9376945,108.78,BTC
2013-06-12 11:59:06,0.9900479,108.52,BTC
2013-06-12 11:59:16,1.9,108.7,BTC
2013-06-12 11:59:47,0.03821,108.48,BTC
2013-06-12 11:59:52,0.1,108.78,BTC
2013-06-12 12:00:11,0.061705,108.78,BTC
2013-06-12 12:00:21,5.8388105,108.78,BTC
2013-06-12 12:00:23,43.1234545,108.89,BTC
2013-06-12 12:09:09,10.0,108.74,BTC
2013-06-12 12:09:10,0.1,108.74,BTC
2013-06-12 12:09:10,1.186813,109.0,BTC
2013-06-12 12:10:19,0.35,109.19,BTC
2013-06-12 12:11:29,0.1123912,109.15,BTC
2013-06-12 12:11:31,0.1,108.74,BTC
2013-06-12 12:12:22,48.1115954,108.89,BTC
2013-06-12 12:12:43,1.0,108.6,BTC
2013-06-12 12:12:54,0.5,108.89,BTC
2013-06-12 12:13:54,0.0328634,108.75,BTC
2013-06-12 12:14:14,0.0382,108.77,BTC
2013-06-12 12:14:34,0.03801,108.79,BTC
2013-06-12 12:15:01,0.038095,108.81,BTC
2013-06-12 12:15:16,0.03726,108.83,BTC
2013-06-12 12:15:34,0.03808,108.85,BTC
2013-06-12 12:16:31,0.1,109.35,BTC
2013-06-12 12:16:32,1.5,109.4,BTC
2013-06-12 12:16:33,0.2,109.28,BTC
2013-06-12 12:16:37,0.9947483,109.2,BTC
2013-06-12 12:16:38,98.9675938,109.4,BTC
2013-06-12 12:17:38,19.0,109.4,BTC
2013-06-12 12:18:14,1.6589588,109.4,BTC
2013-06-12 12:19:05,3.4618900000000004,109.4,BTC
2013-06-12 12:19:42,0.2,109.4,BTC
2013-06-12 12:20:03,7.345067599999997,109.69,BTC
2013-06-12 12:20:04,1.7476526,109.71,BTC
2013-06-12 12:20:05,0.07264,109.73,BTC
2013-06-12 12:20:07,3.2884038,109.75,BTC
2013-06-12 12:20:49,0.038095,109.07,BTC
2013-06-12 12:20:50,0.5,109.89,BTC
2013-06-12 12:21:07,3.80474474,109.85974,BTC
2013-06-12 12:21:07,0.386,109.74,BTC
2013-06-12 12:21:09,13.1399483,109.95,BTC
2013-06-12 12:21:11,1.0,109.97,BTC
2013-06-12 12:21:12,20.0,110.0,BTC
2013-06-12 12:21:14,0.9900774,109.85,BTC
2013-06-12 12:21:15,0.990081,109.89,BTC
2013-06-12 12:21:15,0.4976059000000001,109.94,BTC
2013-06-12 12:21:21,0.0095602,109.83,BTC
2013-06-12 12:21:22,0.1,110.12,BTC
2013-06-12 12:21:22,10.2,109.98,BTC
2013-06-12 12:21:28,0.4981670999999999,109.88,BTC
2013-06-12 12:21:56,0.038075,109.13,BTC
2013-06-12 12:22:36,0.19383,109.99,BTC
2013-06-12 12:25:47,0.3033912,109.99,BTC
2013-06-12 12:25:48,6.8823351,110.01,BTC
2013-06-12 12:25:48,0.9900945,110.04,BTC
2013-06-12 12:26:10,1.65134916,109.7,BTC
2013-06-12 12:26:10,1.28652881,109.75,BTC
2013-06-12 12:26:55,3.39980378,110.08997,BTC
2013-06-12 12:27:16,1.823735,109.75,BTC
2013-06-12 12:27:17,2.6762650000000003,110.14,BTC
2013-06-12 12:27:28,3.02353878,110.14,BTC
2013-06-12 12:28:14,1.63587282,109.7,BTC
2013-06-12 12:28:33,4.5,109.98,BTC
2013-06-12 12:28:39,0.03772,109.36,BTC
2013-06-12 12:29:06,0.14405,109.7,BTC
2013-06-12 12:30:11,2.0,109.58,BTC
2013-06-12 12:32:35,10.0,109.5,BTC
2013-06-12 12:32:54,1.66666666,108.8911,BTC
2013-06-12 12:32:56,23.5,108.89,BTC
2013-06-12 12:32:57,0.03803,108.99,BTC
2013-06-12 12:32:57,0.03822,108.97,BTC
2013-06-12 12:32:57,0.07628,108.94,BTC
2013-06-12 12:32:58,0.69495,108.82,BTC
2013-06-12 12:32:59,1.0,108.8,BTC
2013-06-12 12:33:00,1.0,108.76,BTC
2013-06-12 12:33:01,0.8333333,108.7,BTC
2013-06-12 12:33:02,1.0,108.63,BTC
2013-06-12 12:33:03,0.961825,108.58,BTC
2013-06-12 12:33:05,2.206,108.33,BTC
2013-06-12 12:33:06,2.0292025,108.25,BTC
2013-06-12 12:33:07,8.722750900000001,108.23,BTC
2013-06-12 12:33:08,0.924005,108.04,BTC
2013-06-12 12:33:08,0.9714365,108.01,BTC
2013-06-12 12:33:08,0.927604,107.81,BTC
2013-06-12 12:33:08,4.15,107.67,BTC
2013-06-12 12:33:09,5.55,107.12,BTC
2013-06-12 12:33:09,3.052,106.98,BTC
2013-06-12 12:33:09,11.4153169,106.81,BTC
2013-06-12 12:33:09,5.3747578,106.65,BTC
2013-06-12 12:33:09,37.442134,106.6,BTC
2013-06-12 12:33:16,0.038105,109.04,BTC
2013-06-12 12:33:16,0.03802,109.02,BTC
2013-06-12 12:33:17,1.6592549,108.82,BTC
2013-06-12 12:33:19,0.8333333,108.7,BTC
2013-06-12 12:33:19,5.5801329000000015,108.32,BTC
2013-06-12 12:33:19,10.0,106.82,BTC
2013-06-12 12:33:19,0.392496,106.57,BTC
2013-06-12 12:33:19,2.9369437,106.51,BTC
2013-06-12 12:34:04,2.75746539,109.54,BTC
2013-06-12 12:34:04,4.33761544,109.57,BTC
2013-06-12 12:35:23,1.0,109.5,BTC
2013-06-12 12:36:45,0.11,109.5,BTC
2013-06-12 12:43:55,0.2,109.1,BTC
2013-06-12 12:44:44,5.8600900000000005,109.23,BTC
2013-06-12 12:45:26,0.038085,109.1,BTC
2013-06-12 12:45:45,0.037895,109.12,BTC
2013-06-12 12:45:45,5.88604,109.23,BTC
2013-06-12 12:46:18,9.761915,108.7,BTC
2013-06-12 12:46:27,1.01041136,109.23,BTC
2013-06-12 12:46:52,0.962045,108.68,BTC
2013-06-12 12:47:25,5.0,109.3,BTC
2013-06-12 12:47:29,4.0472286,108.81,BTC
2013-06-12 12:47:38,1.0,109.3,BTC
2013-06-12 12:48:02,4.961925,109.3,BTC
2013-06-12 12:48:37,1.0,108.81,BTC
2013-06-12 12:49:05,20.0,108.67,BTC
2013-06-12 12:49:30,0.037895,109.12,BTC
2013-06-12 12:49:31,0.42403,109.3,BTC
2013-06-12 12:49:58,0.037885,109.15,BTC
2013-06-12 12:49:58,0.016069999999999997,109.17,BTC
2013-06-12 12:50:02,0.03787,109.19,BTC
2013-06-12 12:50:02,0.016115,109.21,BTC
2013-06-12 12:51:06,0.038075,109.13,BTC
2013-06-12 12:54:38,4.77,109.3,BTC
2013-06-12 13:09:34,0.0048637,108.95,BTC
2013-06-12 13:12:29,0.037915,109.06,BTC
2013-06-12 13:12:29,0.7363318,109.2,BTC
2013-06-12 13:13:32,0.037735000000000005,109.05,BTC
2013-06-12 13:13:32,0.038095,109.07,BTC
2013-06-12 13:13:32,0.037905,109.09,BTC
2013-06-12 13:13:32,0.03799,109.11,BTC
2013-06-12 13:13:32,0.038075,109.13,BTC
2013-06-12 13:13:32,0.037885,109.15,BTC
2013-06-12 13:13:32,0.037965,109.18,BTC
2013-06-12 13:13:33,0.1,109.3,BTC
2013-06-12 13:21:10,2.2030000000000003,109.0,BTC
2013-06-12 13:22:11,0.9850463,108.8,BTC
2013-06-12 13:22:19,0.9850463,108.8,BTC
2013-06-12 13:22:27,0.9850463,108.8,BTC
2013-06-12 13:27:10,0.0379,108.41,BTC
2013-06-12 13:27:57,0.037895,108.59,BTC
2013-06-12 13:28:34,0.038175,108.58,BTC
2013-06-12 13:29:10,0.03826,108.6,BTC
2013-06-12 13:44:53,0.5,109.34,BTC
2013-06-12 13:57:11,0.038110000000000005,109.03,BTC
2013-06-12 13:57:11,0.07547000000000001,109.05,BTC
2013-06-12 13:57:11,0.038095,109.07,BTC
2013-06-12 13:57:11,0.538085,109.1,BTC
2013-06-12 13:57:11,0.037895,109.12,BTC
2013-06-12 13:58:32,0.3810404000000001,109.31,BTC
2013-06-12 13:58:33,0.03773,109.33,BTC
2013-06-12 13:58:33,0.951,109.35,BTC
2013-06-12 13:58:34,7.0,109.43,BTC
2013-06-12 13:58:34,0.4689201,109.46,BTC
2013-06-12 13:58:34,0.8318668,109.5,BTC
2013-06-12 14:04:54,0.1193603,108.97,BTC
2013-06-12 14:13:12,0.037000000000000005,109.37,BTC
2013-06-12 14:32:57,1.65904668,108.93,BTC
2013-06-12 14:35:10,0.0177702,109.36,BTC
2013-06-12 14:40:13,0.1624306,109.36,BTC
2013-06-12 14:41:28,4.3776859,109.38,BTC
2013-06-12 14:50:14,0.3003931,109.39,BTC
2013-06-12 14:55:26,0.6930145000000001,109.37,BTC
2013-06-12 14:56:34,4.449806400000001,109.0,BTC
2013-06-12 14:59:14,1.1401184,109.0,BTC
2013-06-12 14:59:26,3.0,109.0,BTC
2013-06-12 15:00:08,0.0873084,108.95,BTC
2013-06-12 15:03:19,2.330695,108.9,BTC
2013-06-12 15:05:43,0.07618,108.82,BTC
2013-06-12 15:12:24,11.785492199999998,109.0,BTC
2013-06-12 15:13:21,1.0,108.9,BTC
2013-06-12 15:15:20,0.1204798,108.9,BTC
2013-06-12 15:15:37,2.7011916,109.1,BTC
2013-06-12 15:16:17,0.772,108.84,BTC
2013-06-12 15:23:14,1.6511859,108.91,BTC
2013-06-12 15:25:29,1.0,108.8,BTC
2013-06-12 15:27:06,0.5188947,109.29,BTC
2013-06-12 15:28:17,0.7739,108.08,BTC
2013-06-12 15:32:50,1.0,108.77,BTC
2013-06-12 15:50:57,1.0825632,109.14,BTC
2013-06-12 15:55:29,1.65685069,108.7,BTC
2013-06-12 15:57:47,8.0,108.6,BTC
2013-06-12 15:57:57,0.037955,108.68,BTC
2013-06-12 15:57:59,0.26695931,108.5,BTC
2013-06-12 15:58:33,1.0,108.5,BTC
2013-06-12 16:01:40,0.038235000000000005,108.67,BTC
2013-06-12 16:03:36,1.66069495,108.52,BTC
2013-06-12 16:03:38,9.73304069,108.5,BTC
2013-06-12 16:08:49,0.1189952,108.5,BTC
2013-06-12 16:09:25,0.34196288,108.5,BTC
2013-06-12 16:13:13,0.9,108.51,BTC
2013-06-12 16:13:39,8.40055578,108.5,BTC
2013-06-12 16:15:17,0.59944422,108.4,BTC
2013-06-12 16:17:16,1.33333334,111.0,BTC
2013-06-12 16:17:40,0.6625173000000001,111.01,BTC
2013-06-12 16:17:41,0.70289048,109.37,BTC
2013-06-12 16:17:47,0.8333333,110.89,BTC
2013-06-12 16:19:06,2.5,109.46,BTC
2013-06-12 16:19:16,1.0,111.01,BTC
2013-06-12 16:19:37,0.03755,109.32,BTC
2013-06-12 16:19:38,0.03774,109.3,BTC
2013-06-12 16:19:40,0.03793,109.28,BTC
2013-06-12 16:19:41,0.03812,109.26,BTC
2013-06-12 16:20:03,0.1666667,110.2,BTC
2013-06-12 16:20:20,3.114,110.67,BTC
2013-06-12 16:20:28,32.839,111.0,BTC
2013-06-12 16:20:33,0.8333333,110.89,BTC
2013-06-12 16:20:42,0.8333333,110.89,BTC
2013-06-12 16:23:30,0.557,109.52,BTC
2013-06-12 16:23:31,6.7607834,109.5,BTC
2013-06-12 16:24:18,0.03754,109.35,BTC
2013-06-12 16:24:18,0.038095,109.33,BTC
2013-06-12 16:24:28,0.8333333,109.27,BTC
2013-06-12 16:24:37,1.7716058999999995,109.5,BTC
2013-06-12 16:24:37,0.1090517,109.27,BTC
2013-06-12 16:26:06,0.5,109.73,BTC
2013-06-12 16:27:40,0.037835,109.29,BTC
2013-06-12 16:27:41,0.038025,109.27,BTC
2013-06-12 16:27:43,0.038035,109.24,BTC
2013-06-12 16:27:44,0.03731,109.22,BTC
2013-06-12 16:27:45,0.03814,109.2,BTC
2013-06-12 16:27:46,0.03769,109.18,BTC
2013-06-12 16:27:48,0.04536,109.0,BTC
2013-06-12 16:30:28,7.0374,109.75,BTC
2013-06-12 16:36:36,0.4,109.73,BTC
2013-06-12 16:46:12,0.224,109.87,BTC
2013-06-12 16:46:12,0.07447000000000001,109.44,BTC
2013-06-12 16:46:12,0.03779,109.42,BTC
2013-06-12 16:46:12,0.03734,109.4,BTC
2013-06-12 16:46:12,0.037895,109.38,BTC
2013-06-12 16:46:12,0.038085,109.36,BTC
2013-06-12 16:46:13,0.038095,109.33,BTC
2013-06-12 16:46:13,0.530645,109.31,BTC
2013-06-12 16:46:13,0.07567,109.29,BTC
2013-06-12 16:46:13,0.038025,109.27,BTC
2013-06-12 16:46:13,0.038035,109.24,BTC
2013-06-12 16:46:14,0.03731,109.22,BTC
2013-06-12 16:46:14,0.9493017,109.2,BTC
2013-06-12 16:46:14,0.03769,109.18,BTC
2013-06-12 16:46:14,0.038155,109.16,BTC
2013-06-12 16:46:14,0.03807,109.14,BTC
2013-06-12 16:46:14,0.037985000000000005,109.12,BTC
2013-06-12 16:46:15,0.038175,109.1,BTC
2013-06-12 16:46:15,0.03809,109.08,BTC
2013-06-12 16:46:15,20.038005,109.06,BTC
2013-06-12 16:46:15,20.8714383,109.04,BTC
2013-06-12 16:46:15,0.3394326,109.02,BTC
2013-06-12 16:49:08,0.038110000000000005,109.03,BTC
2013-06-12 16:49:08,0.037735000000000005,109.05,BTC
2013-06-12 16:49:09,0.038095,109.07,BTC
2013-06-12 16:49:09,0.037905,109.09,BTC
2013-06-12 16:49:10,1.6616624,109.68,BTC
2013-06-12 16:49:10,12.91457462,109.99988,BTC
2013-06-12 16:49:11,0.652,109.85,BTC
2013-06-12 16:49:12,1.31,109.88,BTC
2013-06-12 16:49:12,34.0,109.91,BTC
2013-06-12 16:49:13,5.77939,110.03,BTC
2013-06-12 16:49:14,2.9810000000000003,110.14,BTC
2013-06-12 16:49:15,0.5,110.25,BTC
2013-06-12 16:49:16,0.9111617,110.31,BTC
2013-06-12 16:49:17,0.9900543,110.6,BTC
2013-06-12 16:49:18,2.988,110.64,BTC
2013-06-12 16:49:19,0.9900686,110.76,BTC
2013-06-12 16:49:20,2.9702247,110.83,BTC
2013-06-12 16:49:21,3.9603067,110.85,BTC
2013-06-12 16:49:22,0.9900785,110.87,BTC
2013-06-12 16:49:22,0.5,110.9,BTC
2013-06-12 16:49:23,5.9900883,110.98,BTC
2013-06-12 16:49:23,17.8695758,111.0,BTC
2013-06-12 16:49:23,3.0,111.03,BTC
2013-06-12 16:49:24,0.9900963,111.07,BTC
2013-06-12 16:49:24,0.492062,111.09,BTC
2013-06-12 16:49:25,7.9916512000000015,111.11,BTC
2013-06-12 16:49:25,37.34915247,111.18,BTC
2013-06-12 16:50:30,1.0,109.16,BTC
2013-06-12 16:52:04,0.0373,109.25,BTC
2013-06-12 16:52:05,0.03711,109.27,BTC
2013-06-12 16:52:05,0.037195,109.29,BTC
2013-06-12 16:52:05,0.03792,109.31,BTC
2013-06-12 16:52:05,0.162745,109.64,BTC
2013-06-12 16:53:49,0.1,110.25,BTC
2013-06-12 16:55:11,0.8,110.2,BTC
2013-06-12 16:56:35,1.0,109.51,BTC
2013-06-12 17:02:59,1.65348277,109.65,BTC
2013-06-12 17:05:03,0.037610000000000005,109.68,BTC
2013-06-12 17:05:03,0.037785,109.7,BTC
2013-06-12 17:05:03,0.03787,109.72,BTC
2013-06-12 17:05:03,0.03768,109.74,BTC
2013-06-12 17:05:03,0.0374,109.76,BTC
2013-06-12 17:05:03,0.03712,109.78,BTC
2013-06-12 17:05:03,0.03766,109.8,BTC
2013-06-12 17:05:03,0.037835,109.82,BTC
2013-06-12 17:05:03,0.037555,109.84,BTC
2013-06-12 17:05:03,0.03773,109.86,BTC
2013-06-12 17:13:16,0.3635943,109.67,BTC
2013-06-12 17:36:53,1.6,109.51,BTC
2013-06-12 17:51:27,1.66666666,109.3906,BTC
2013-06-12 17:51:28,0.67814683,108.5,BTC
2013-06-12 17:53:02,0.413371,109.49,BTC
2013-06-12 17:53:03,1.875,109.43,BTC
2013-06-12 17:53:03,0.037885,109.41,BTC
2013-06-12 17:53:04,0.07579,109.38,BTC
2013-06-12 17:53:04,0.038085,109.36,BTC
2013-06-12 17:53:05,3.865895,109.33,BTC
2013-06-12 17:53:06,0.037645,109.31,BTC
2013-06-12 17:53:06,0.037835,109.29,BTC
2013-06-12 17:53:07,0.07605,109.27,BTC
2013-06-12 17:53:08,1.338035,109.24,BTC
2013-06-12 17:55:13,3.30638346,109.73,BTC
2013-06-12 17:55:13,0.03788,109.69,BTC
2013-06-12 17:55:14,0.037785,109.7,BTC
2013-06-12 17:55:14,0.037775,109.73,BTC
2013-06-12 17:55:15,0.0374,109.76,BTC
2013-06-12 17:55:16,0.03712,109.78,BTC
2013-06-12 17:55:17,0.037565,109.81,BTC
2013-06-12 17:55:18,0.03772,109.89,BTC
2013-06-12 17:55:19,0.9097899,109.91,BTC
2013-06-12 17:55:21,0.782,109.93,BTC
2013-06-12 17:55:22,4.2042,109.95,BTC
2013-06-12 17:55:23,0.03742,109.97,BTC
2013-06-12 17:55:25,1.137595,109.99,BTC
2013-06-12 17:55:30,0.037285000000000006,109.83,BTC
2013-06-12 17:55:30,1.5547898999999998,109.91,BTC
2013-06-12 17:59:36,0.1,109.12,BTC
2013-06-12 18:02:41,0.5,109.05,BTC
2013-06-12 18:03:18,0.1,109.65,BTC
2013-06-12 18:03:26,0.340556,109.65,BTC
2013-06-12 18:03:27,0.037595,109.19,BTC
2013-06-12 18:03:28,0.008329000000000001,109.17,BTC
2013-06-12 18:03:41,0.340556,109.65,BTC
2013-06-12 18:05:12,1.0,109.0,BTC
2013-06-12 18:05:50,0.03814,108.94,BTC
2013-06-12 18:05:51,0.037695,108.9,BTC
2013-06-12 18:05:51,0.037610000000000005,108.88,BTC
2013-06-12 18:05:51,0.03826,108.86,BTC
2013-06-12 18:05:52,0.3549772,108.82,BTC
2013-06-12 18:06:21,1.64954031,108.89,BTC
2013-06-12 18:06:22,0.03791,108.81,BTC
2013-06-12 18:06:22,6.5572467,108.3,BTC
2013-06-12 18:06:22,0.6081352,108.28,BTC
2013-06-12 18:06:33,6.0081352,108.1,BTC
2013-06-12 18:06:33,1.6230000000000002,108.24,BTC
2013-06-12 18:06:34,0.9213193,108.22,BTC
2013-06-12 18:06:34,0.01,108.1,BTC
2013-06-12 18:06:35,24.7442151,108.0,BTC
2013-06-12 18:06:36,3.0893121,107.96,BTC
2013-06-12 18:06:36,1.9243853,107.86,BTC
2013-06-12 18:06:37,0.6560816999999999,107.7,BTC
2013-06-12 18:06:39,0.5,107.6,BTC
2013-06-12 18:06:39,5.0,107.5,BTC
2013-06-12 18:06:40,105.8323333,107.29,BTC
2013-06-12 18:06:45,0.03774,108.77,BTC
2013-06-12 18:07:01,0.037655,108.75,BTC
2013-06-12 18:10:47,0.03833,108.66,BTC
2013-06-12 18:10:55,0.038245,108.64,BTC
2013-06-12 18:11:11,0.03816,108.62,BTC
2013-06-12 18:11:19,0.038075,108.6,BTC
2013-06-12 18:12:45,0.1,108.69,BTC
2013-06-12 18:13:30,0.96178,108.04,BTC
2013-06-12 18:20:19,0.5,108.69,BTC
2013-06-12 18:21:02,0.22822339,108.69,BTC
2013-06-12 18:26:07,0.4522474,108.79,BTC
2013-06-12 18:35:51,0.4377643,108.78,BTC
2013-06-12 18:38:24,0.9150267,108.74,BTC
2013-06-12 18:38:34,5.0,108.7,BTC
2013-06-12 18:41:26,5.0,108.7,BTC
2013-06-12 18:52:32,1.66606072,108.41,BTC
2013-06-12 18:52:33,0.5937097,108.42,BTC
2013-06-12 18:52:34,3.31901634,108.4,BTC
2013-06-12 19:05:14,4.75166,108.81,BTC
2013-06-12 19:16:26,0.5,108.6,BTC
2013-06-12 19:20:09,6.05696,108.69,BTC
2013-06-12 19:25:29,0.9538101,108.79,BTC
2013-06-12 19:26:58,0.9497,108.44,BTC
2013-06-12 19:26:59,2.6077481,108.4,BTC
2013-06-12 19:28:36,0.30591,108.4,BTC
2013-06-12 19:30:40,0.71241123,108.69,BTC
2013-06-12 19:32:32,0.7553941,108.8,BTC
2013-06-12 19:44:17,0.22,108.69,BTC
2013-06-12 19:55:32,0.5,108.4,BTC
2013-06-12 20:35:19,0.458415,108.42,BTC
2013-06-12 20:35:21,0.00372,108.4,BTC
2013-06-12 20:35:25,0.038245,108.38,BTC
2013-06-12 20:35:27,0.037975,108.36,BTC
2013-06-12 20:35:29,0.07671,108.33,BTC
2013-06-12 20:35:31,0.038085,108.31,BTC
2013-06-12 20:35:33,0.037815,108.29,BTC
2013-06-12 20:35:36,0.2692725,108.11,BTC
2013-06-12 20:35:41,1.0,108.11,BTC
2013-06-12 20:35:45,0.07639,108.26,BTC
2013-06-12 20:35:47,0.07678,108.23,BTC
2013-06-12 20:35:49,0.03785,108.19,BTC
2013-06-12 20:35:56,0.03841,108.17,BTC
2013-06-12 20:35:58,0.03851,108.15,BTC
2013-06-12 20:36:01,0.038425,108.13,BTC
2013-06-12 20:36:09,0.038435,108.1,BTC
2013-06-12 20:36:16,0.038535,108.08,BTC
2013-06-12 20:36:19,0.0005108000000000001,107.9,BTC
2013-06-12 20:36:27,0.4994892,107.9,BTC
2013-06-12 20:36:35,0.9606289,108.05,BTC
2013-06-12 20:36:47,0.0393711,107.88,BTC
2013-06-12 20:37:03,0.58792446,107.88,BTC
2013-06-12 20:37:13,0.0386902,108.02,BTC
2013-06-12 20:37:20,0.03847,108.0,BTC
2013-06-12 20:37:22,0.03857,107.98,BTC
2013-06-12 20:37:25,0.03756,107.96,BTC
2013-06-12 20:37:27,0.037845,107.94,BTC
2013-06-12 20:37:30,0.656625,107.92,BTC
2013-06-12 20:37:37,1.0,108.06,BTC
2013-06-12 20:37:44,0.0393711,107.92,BTC
2013-06-12 20:37:51,1.0,108.07,BTC
2013-06-12 20:37:59,0.038415,107.9,BTC
2013-06-12 20:38:02,0.038515,107.88,BTC
2013-06-12 20:38:05,0.037595,107.86,BTC
2013-06-12 20:38:07,0.03788,107.84,BTC
2013-06-12 20:38:10,0.657135,107.82,BTC
2013-06-12 20:38:18,0.9613998,108.04,BTC
2013-06-12 20:38:25,1.0,108.02,BTC
2013-06-12 20:38:32,0.03856,108.01,BTC
2013-06-12 20:38:34,0.038475,107.99,BTC
2013-06-12 20:38:37,0.038205,107.97,BTC
2013-06-12 20:38:39,0.03849,107.95,BTC
2013-06-12 20:38:42,0.0372,107.93,BTC
2013-06-12 20:38:50,0.409551,108.05,BTC
2013-06-12 20:39:05,0.03767,107.91,BTC
2013-06-12 20:39:08,0.037955,107.89,BTC
2013-06-12 20:39:10,0.038055,107.87,BTC
2013-06-12 20:39:13,0.03834,107.85,BTC
2013-06-12 20:39:16,0.03844,107.83,BTC
2013-06-12 20:39:25,0.6677395,107.92,BTC
2013-06-12 20:40:42,1.64552817,108.05,BTC
2013-06-12 20:40:44,0.68477183,108.11,BTC
2013-06-12 20:41:30,0.5,107.9,BTC
2013-06-12 20:41:32,1.83333334,108.04,BTC
2013-06-12 20:42:03,1.5090543,108.0,BTC
2013-06-12 20:42:04,0.03857,107.98,BTC
2013-06-12 20:42:06,0.03756,107.96,BTC
2013-06-12 20:42:08,0.037845,107.94,BTC
2013-06-12 20:42:09,0.03813,107.92,BTC
2013-06-12 20:42:11,1.727415,107.9,BTC
2013-06-12 20:42:13,0.038515,107.88,BTC
2013-06-12 20:42:15,0.037595,107.86,BTC
2013-06-12 20:42:18,0.2309257,107.84,BTC
2013-06-12 20:42:55,1.5882293,107.87,BTC
2013-06-12 20:42:56,0.03844,107.83,BTC
2013-06-12 20:43:48,0.038265,107.8,BTC
2013-06-12 20:43:49,0.038365,107.78,BTC
2013-06-12 20:43:51,0.038465,107.76,BTC
2013-06-12 20:43:53,0.038565,107.74,BTC
2013-06-12 20:43:55,0.038665,107.72,BTC
2013-06-12 20:43:57,0.038115,107.7,BTC
2013-06-12 20:43:59,0.038215,107.68,BTC
2013-06-12 20:44:02,2.0,107.5,BTC
2013-06-12 20:44:05,1.23769,107.65,BTC
2013-06-12 20:45:31,2.0048737,107.81,BTC
2013-06-12 20:45:31,0.03799,107.79,BTC
2013-06-12 20:45:31,0.03809,107.77,BTC
2013-06-12 20:45:32,0.03819,107.75,BTC
2013-06-12 20:45:32,0.11725299,107.73,BTC
2013-06-12 20:46:38,0.1741473,107.94,BTC
2013-06-12 20:51:02,1.0,107.94,BTC
2013-06-12 20:51:55,1.85,108.19,BTC
2013-06-12 20:51:58,9.3190106,107.94,BTC
2013-06-12 20:52:01,1.2753081,107.82,BTC
2013-06-12 20:52:04,0.038465,107.76,BTC
2013-06-12 20:52:07,0.038565,107.74,BTC
2013-06-12 20:52:10,0.038665,107.72,BTC
2013-06-12 20:52:13,0.038115,107.7,BTC
2013-06-12 20:52:17,0.038215,107.68,BTC
2013-06-12 20:52:20,1.038315,107.66,BTC
2013-06-12 20:52:24,5.898955,107.64,BTC
2013-06-12 20:52:27,1.048515,107.62,BTC
2013-06-12 20:52:31,0.038615,107.6,BTC
2013-06-12 20:52:34,0.038715,107.58,BTC
2013-06-12 20:52:37,0.03835,107.56,BTC
2013-06-12 20:52:39,0.03845,107.54,BTC
2013-06-12 20:52:42,0.03855,107.52,BTC
2013-06-12 20:52:46,0.038465,107.5,BTC
2013-06-12 20:52:49,0.038565,107.48,BTC
2013-06-12 20:52:52,0.038665,107.46,BTC
2013-06-12 20:52:55,0.038765,107.44,BTC
2013-06-12 20:53:00,0.0384,107.42,BTC
2013-06-12 20:53:03,0.03878,107.4,BTC
2013-06-12 20:53:06,0.038135,107.38,BTC
2013-06-12 20:53:09,0.038515,107.36,BTC
2013-06-12 20:53:12,0.038615,107.34,BTC
2013-06-12 20:53:15,3.05825,107.32,BTC
2013-06-12 20:53:19,6.298835,107.3,BTC
2013-06-12 20:53:22,0.7987984,107.28,BTC
2013-06-12 20:53:25,0.03883,107.26,BTC
2013-06-12 20:53:29,0.038465,107.24,BTC
2013-06-12 20:53:33,0.1,107.06,BTC
2013-06-12 20:53:36,0.9757945,107.21,BTC
2013-06-12 20:53:46,0.19096,107.93,BTC
2013-06-12 20:53:53,0.03809,107.77,BTC
2013-06-12 20:53:55,0.03819,107.75,BTC
2013-06-12 20:53:58,0.03829,107.73,BTC
2013-06-12 20:54:00,0.03839,107.71,BTC
2013-06-12 20:54:04,0.03849,107.69,BTC
2013-06-12 20:54:08,0.03859,107.67,BTC
2013-06-12 20:54:11,1.28769,107.65,BTC
2013-06-12 20:54:15,0.038325,107.63,BTC
2013-06-12 20:54:18,0.038425,107.61,BTC
2013-06-12 20:54:22,0.038525,107.59,BTC
2013-06-12 20:54:29,0.03844,107.57,BTC
2013-06-12 20:54:33,0.03854,107.55,BTC
2013-06-12 20:54:37,0.03864,107.53,BTC
2013-06-12 20:54:41,0.03874,107.51,BTC
2013-06-12 20:54:45,0.038375,107.49,BTC
2013-06-12 20:54:49,3.120755,107.47,BTC
2013-06-12 20:54:52,0.038575,107.45,BTC
2013-06-12 20:54:56,0.03849,107.43,BTC
2013-06-12 20:55:01,0.03859,107.41,BTC
2013-06-12 20:55:05,0.038225,107.39,BTC
2013-06-12 20:55:08,0.038325,107.37,BTC
2013-06-12 20:55:12,0.038705,107.35,BTC
2013-06-12 20:55:16,0.038805,107.33,BTC
2013-06-12 20:55:18,1.0225786,107.94,BTC
2013-06-12 20:55:31,1.0,107.0,BTC
2013-06-12 20:55:35,1.198795,107.1,BTC
2013-06-12 20:55:38,1.198895,107.08,BTC
2013-06-12 20:55:48,1.0,107.22,BTC
2013-06-12 20:55:51,0.03872,107.05,BTC
2013-06-12 20:56:02,9.976885,107.02,BTC
2013-06-12 20:56:08,0.03892,107.01,BTC
2013-06-12 20:56:18,9.93853,107.11,BTC
2013-06-12 20:56:24,0.17742539999999998,107.2,BTC
2013-06-12 20:56:27,3.092,106.98,BTC
2013-06-12 20:56:30,0.125,106.9,BTC
2013-06-12 20:56:34,4.0470196000000005,106.59,BTC
2013-06-12 20:56:43,2.39187,107.57,BTC
2013-06-12 20:56:47,5.60813,106.6,BTC
2013-06-12 20:56:54,10.0,107.03,BTC
2013-06-12 20:57:00,8.7643836,106.54,BTC
2013-06-12 20:57:01,0.2986727,106.5,BTC
2013-06-12 20:57:06,10.0,107.02,BTC
2013-06-12 20:57:12,3.01,106.49,BTC
2013-06-12 20:57:16,5.86054,106.47,BTC
2013-06-12 20:57:29,0.9362419,106.36,BTC
2013-06-12 20:57:30,3.0,106.34,BTC
2013-06-12 20:57:31,2.3460357000000003,106.31,BTC
2013-06-12 20:57:37,3.092,106.98,BTC
2013-06-12 20:57:38,0.125,106.9,BTC
2013-06-12 20:57:44,1.8733608,106.33,BTC
2013-06-12 20:57:45,4.844361599999999,106.3,BTC
2013-06-12 20:57:51,0.9737057,107.04,BTC
2013-06-12 20:57:54,8.7643836,106.54,BTC
2013-06-12 20:58:03,1.8733608,106.33,BTC
2013-06-12 20:58:07,4.844361599999999,106.3,BTC
2013-06-12 20:58:15,0.9369437,106.51,BTC
2013-06-12 21:00:38,1.3043156,107.06,BTC
2013-06-12 21:00:41,47.4126844,107.0,BTC
2013-06-12 21:00:46,0.8959999999999999,107.08,BTC
2013-06-12 21:00:46,1.3043156,107.06,BTC
2013-06-12 21:00:47,1.52,106.93,BTC
2013-06-12 21:00:48,18.5910511,106.59,BTC
2013-06-12 21:01:59,0.565,106.6,BTC
2013-06-12 21:02:35,0.1767961,106.62,BTC
2013-06-12 21:02:37,8.7643836,106.54,BTC
2013-06-12 21:02:38,10.9620658,106.5,BTC
2013-06-12 21:02:39,5.86054,106.47,BTC
2013-06-12 21:02:40,0.4,106.42,BTC
2013-06-12 21:02:41,0.9362419,106.36,BTC
2013-06-12 21:02:43,1.429791,106.34,BTC
2013-06-12 21:02:47,1.4021831,106.63,BTC
2013-06-12 21:02:49,0.8333333,106.39,BTC
2013-06-12 21:02:51,1.8733608,106.33,BTC
2013-06-12 21:02:54,10.937382800000002,106.3,BTC
2013-06-12 21:02:57,0.9316192,106.26,BTC
2013-06-12 21:03:00,0.0098861,106.21,BTC
2013-06-12 21:03:03,1.8644542,106.19,BTC
2013-06-12 21:03:07,2.7972028,106.17,BTC
2013-06-12 21:03:10,5.1573039000000005,106.0,BTC
2013-06-12 21:03:19,0.038465,106.98,BTC
2013-06-12 21:03:21,1.8733608,106.33,BTC
2013-06-12 21:03:22,10.937382800000002,106.3,BTC
2013-06-12 21:03:24,1.864628,106.18,BTC
2013-06-12 21:03:28,20.0,106.0,BTC
2013-06-12 21:03:34,1.05801962,106.0,BTC
2013-06-12 21:03:45,18.86016408,106.0,BTC
2013-06-12 21:03:50,29.73441362,106.0,BTC
2013-06-12 21:04:31,0.03867,106.93,BTC
2013-06-12 21:04:33,0.03849,106.91,BTC
2013-06-12 21:04:35,2.2,106.01,BTC
2013-06-12 21:04:38,4.2879599000000015,105.98,BTC
2013-06-12 21:04:41,1.0,105.96,BTC
2013-06-12 21:04:53,5.6072147,105.93,BTC
2013-06-12 21:04:56,0.9348416,105.9,BTC
2013-06-12 21:04:59,1.0,105.87,BTC
2013-06-12 21:05:02,0.9352787,105.85,BTC
2013-06-12 21:05:05,1.8709074,105.83,BTC
2013-06-12 21:05:08,0.9356288,105.81,BTC
2013-06-12 21:05:11,2.8079371,105.77,BTC
2013-06-12 21:05:15,0.9361543,105.75,BTC
2013-06-12 21:05:19,0.1,105.57,BTC
2013-06-12 21:05:22,1.4233623,105.67,BTC
2013-06-12 21:05:28,0.125,105.65,BTC
2013-06-12 21:05:32,2.282,105.63,BTC
2013-06-12 21:05:37,0.9373828000000002,105.61,BTC
2013-06-12 21:05:41,1.5375586,105.59,BTC
2013-06-12 21:05:44,0.4875357,105.53,BTC
2013-06-12 21:05:47,2.963,105.51,BTC
2013-06-12 21:05:50,1.877053,105.48,BTC
2013-06-12 21:05:52,2.82674,105.44,BTC
2013-06-12 21:05:55,0.4,105.42,BTC
2013-06-12 21:06:03,0.9448224,105.39,BTC
2013-06-12 21:06:06,0.4888397,105.37,BTC
2013-06-12 21:06:10,6.24,105.33,BTC
2013-06-12 21:06:13,5.31311,105.31,BTC
2013-06-12 21:06:16,0.7600298000000001,105.28,BTC
2013-06-12 21:06:19,1.8877956,105.25,BTC
2013-06-12 21:06:21,12.0,105.2,BTC
2013-06-12 21:08:21,0.03876,106.68,BTC
2013-06-12 21:08:21,0.038955,106.66,BTC
2013-06-12 21:08:21,0.038775,106.64,BTC
2013-06-12 21:08:21,0.03897,106.62,BTC
2013-06-12 21:08:21,0.03907,106.6,BTC
2013-06-12 21:08:22,0.0767619,106.0,BTC
2013-06-12 21:10:23,0.038725,106.52,BTC
2013-06-12 21:10:23,0.03892,106.5,BTC
2013-06-12 21:10:24,0.039115,106.48,BTC
2013-06-12 21:10:24,9.9232381,106.0,BTC
2013-06-12 21:10:25,1.0,106.09,BTC
2013-06-12 21:10:25,0.8333333,105.96,BTC
2013-06-12 21:10:26,4.004,105.63,BTC
2013-06-12 21:10:27,0.3795042,105.6,BTC
2013-06-12 21:10:28,1.0,105.55,BTC
2013-06-12 21:10:29,0.5,105.52,BTC
2013-06-12 21:10:30,0.05630610000000001,105.5,BTC
2013-06-12 21:10:31,0.9386146,105.47,BTC
2013-06-12 21:10:31,2.82674,105.44,BTC
2013-06-12 21:10:32,0.4,105.42,BTC
2013-06-12 21:10:46,1.2535120000000002,106.1,BTC
2013-06-12 21:10:46,0.8333333,105.96,BTC
2013-06-12 21:10:46,1.877053,105.48,BTC
2013-06-12 21:10:46,2.82674,105.44,BTC
2013-06-12 21:10:46,28.1686907,105.4,BTC
2013-06-12 21:10:46,0.9448224,105.38,BTC
2013-06-12 21:10:47,85.08,105.2,BTC
2013-06-12 21:10:47,6.24,105.33,BTC
2013-06-12 21:10:47,5.31311,105.31,BTC
2013-06-12 21:10:47,1.8936704,105.27,BTC
2013-06-12 21:10:47,0.00998,105.21,BTC
2013-06-12 21:10:47,0.9413537,105.16,BTC
2013-06-12 21:10:49,20.0,105.0,BTC
2013-06-12 21:11:10,1.0,105.0,BTC
2013-06-12 21:12:44,0.42,106.58,BTC
2013-06-12 21:14:37,7.0,106.7,BTC
2013-06-12 21:16:30,0.961585,106.86,BTC
2013-06-12 21:23:31,1.0,106.46,BTC
2013-06-12 21:23:31,0.03913,106.44,BTC
2013-06-12 21:23:31,1.038855,106.42,BTC
2013-06-12 21:23:31,0.03905,106.4,BTC
2013-06-12 21:28:13,5.8966699999999985,106.88,BTC
2013-06-12 21:32:47,26.3991586,106.0,BTC
2013-06-12 21:33:03,42.0,106.0,BTC
2013-06-12 21:33:18,0.03901,106.51,BTC
2013-06-12 21:33:18,0.5974326999999999,106.0,BTC
2013-06-12 21:33:47,0.3062581,106.5,BTC
2013-06-12 21:55:50,0.0384,106.9,BTC
2013-06-12 21:56:53,0.0384,106.9,BTC
2013-06-12 21:58:37,0.03872,107.05,BTC
2013-06-12 21:58:56,0.038275,107.25,BTC
2013-06-12 21:58:57,0.038655,107.23,BTC
2013-06-12 21:59:05,0.0384,106.9,BTC
2013-06-12 21:59:20,0.038665,107.2,BTC
2013-06-12 21:59:27,0.0383,107.18,BTC
2013-06-12 21:59:42,0.03868,107.16,BTC
2013-06-12 21:59:42,0.03872,107.05,BTC
2013-06-12 21:59:58,0.038275,107.25,BTC
2013-06-12 21:59:59,0.038655,107.23,BTC
2013-06-12 21:59:59,0.03888,107.12,BTC
2013-06-12 22:00:09,0.0384,106.9,BTC
2013-06-12 22:01:09,0.03867,106.93,BTC
2013-06-12 22:01:29,0.03849,106.91,BTC
2013-06-12 22:02:17,0.03876,106.94,BTC
2013-06-12 22:02:17,0.03858,106.92,BTC
2013-06-12 22:02:32,0.0384,106.9,BTC
2013-06-12 22:03:21,0.03867,106.93,BTC
2013-06-12 22:03:35,0.03849,106.91,BTC
2013-06-12 22:04:24,0.03876,106.94,BTC
2013-06-12 22:04:24,0.03858,106.92,BTC
2013-06-12 22:04:39,0.0384,106.9,BTC
2013-06-12 22:05:29,0.03867,106.93,BTC
2013-06-12 22:05:45,0.03849,106.91,BTC
2013-06-12 22:07:52,0.30571040000000005,106.98,BTC
2013-06-12 22:13:36,0.03888,106.61,BTC
2013-06-12 22:14:31,0.03898,106.59,BTC
2013-06-12 22:14:32,0.0388,106.57,BTC
2013-06-12 22:14:32,0.038995,106.55,BTC
2013-06-12 22:14:39,0.03907,106.6,BTC
2013-06-12 22:14:54,0.038695,106.86,BTC
2013-06-12 22:15:09,0.038605,106.85,BTC
2013-06-12 22:15:17,0.07798,106.82,BTC
2013-06-12 22:15:33,0.03881,106.8,BTC
2013-06-12 22:15:33,0.03898,106.59,BTC
2013-06-12 22:15:33,0.0388,106.57,BTC
2013-06-12 22:15:34,0.038995,106.55,BTC
2013-06-12 22:15:42,0.07801,106.78,BTC
2013-06-12 22:15:43,0.03907,106.6,BTC
2013-06-12 22:15:43,0.038815,106.53,BTC
2013-06-12 22:15:43,0.03901,106.51,BTC
2013-06-12 22:15:43,0.07823,106.48,BTC
2013-06-12 22:15:43,0.038465,106.46,BTC
2013-06-12 22:15:44,0.03913,106.44,BTC
2013-06-12 22:15:44,0.038855,106.42,BTC
2013-06-12 22:15:44,0.03905,106.4,BTC
2013-06-12 22:15:44,0.03887,106.38,BTC
2013-06-12 22:15:44,0.039065,106.36,BTC
2013-06-12 22:15:44,0.07833999999999999,106.33,BTC
2013-06-12 22:15:45,0.07761,106.3,BTC
2013-06-12 22:15:45,0.07782,106.27,BTC
2013-06-12 22:15:45,0.607,106.15,BTC
2013-06-12 22:15:45,1.940916,106.12,BTC
2013-06-12 22:15:49,0.4271210999999999,106.14,BTC
2013-06-12 22:16:05,0.2,106.78,BTC
2013-06-12 22:16:32,0.2,106.0,BTC
2013-06-12 22:16:40,1.0,106.35,BTC
2013-06-12 22:16:48,0.03905,106.4,BTC
2013-06-12 22:16:48,0.03887,106.38,BTC
2013-06-12 22:17:12,78.9737418,106.0,BTC
2013-06-12 22:18:07,0.03913,106.44,BTC
2013-06-12 22:18:07,0.038855,106.42,BTC
2013-06-12 22:18:08,0.038975,106.35,BTC
2013-06-12 22:18:08,0.03917,106.33,BTC
2013-06-12 22:18:08,0.038895,106.31,BTC
2013-06-12 22:18:09,5.57184,106.0,BTC
2013-06-12 22:19:11,0.039085,106.56,BTC
2013-06-12 22:20:15,0.0388,106.57,BTC
2013-06-12 22:20:23,0.038995,106.55,BTC
2013-06-12 22:20:49,0.038815,106.53,BTC
2013-06-12 22:20:49,0.03901,106.51,BTC
2013-06-12 22:20:49,0.038360000000000005,106.49,BTC
2013-06-12 22:20:49,0.039025,106.47,BTC
2013-06-12 22:20:49,0.03875,106.45,BTC
2013-06-12 22:20:50,0.038945,106.43,BTC
2013-06-12 22:20:50,0.038765,106.41,BTC
2013-06-12 22:20:50,0.03896,106.39,BTC
2013-06-12 22:20:50,0.039155,106.37,BTC
2013-06-12 22:20:50,0.038975,106.35,BTC
2013-06-12 22:20:50,0.03917,106.33,BTC
2013-06-12 22:20:50,0.038895,106.31,BTC
2013-06-12 22:20:51,0.039185000000000005,106.29,BTC
2013-06-12 22:20:51,0.03891,106.27,BTC
2013-06-12 22:20:51,0.038635,106.25,BTC
2013-06-12 22:20:51,0.038360000000000005,106.23,BTC
2013-06-12 22:20:52,15.4544182,106.0,BTC
2013-06-12 22:20:52,1.65,105.87,BTC
2013-06-12 22:20:53,3.0081371,105.8,BTC
2013-06-12 22:20:54,1.0,105.73,BTC
2013-06-12 22:20:55,0.2267,105.7,BTC
2013-06-12 22:22:13,0.1,106.63,BTC
2013-06-12 22:22:33,0.039135,106.17,BTC
2013-06-12 22:22:33,0.038860000000000006,106.15,BTC
2013-06-12 22:22:33,0.03915,106.13,BTC
2013-06-12 22:22:33,0.03878,106.11,BTC
2013-06-12 22:22:33,0.03907,106.09,BTC
2013-06-12 22:22:33,0.038795,106.07,BTC
2013-06-12 22:22:34,1.65454547,105.52,BTC
2013-06-12 22:22:34,1.0,105.55,BTC
2013-06-12 22:22:34,1.4134256,105.51,BTC
2013-06-12 22:22:37,0.03927,106.06,BTC
2013-06-12 22:22:37,2.4950356,105.56,BTC
2013-06-12 22:22:37,1.4134256,105.51,BTC
2013-06-12 22:22:58,0.0389,106.04,BTC
2013-06-12 22:22:59,0.471,105.57,BTC
2013-06-12 22:24:02,3.32618682,106.71,BTC
2013-06-12 22:24:09,0.022325,106.49,BTC
2013-06-12 22:24:10,0.03907,106.09,BTC
2013-06-12 22:24:10,0.51176,105.5,BTC
2013-06-12 22:24:31,0.1,106.49,BTC
2013-06-12 22:24:32,0.03878,106.11,BTC
2013-06-12 22:24:47,0.443,105.52,BTC
2013-06-12 22:25:22,0.038795,106.07,BTC
2013-06-12 22:25:29,0.03907,106.09,BTC
2013-06-12 22:25:37,0.03927,106.06,BTC
2013-06-12 22:25:46,0.039085,106.05,BTC
2013-06-12 22:25:46,0.038245,106.55,BTC
2013-06-12 22:25:46,0.038895,106.57,BTC
2013-06-12 22:25:46,0.0387,106.59,BTC
2013-06-12 22:25:47,1.89887878,106.78,BTC
2013-06-12 22:26:02,8.18920831,106.22611,BTC
2013-06-12 22:26:18,0.0488639,106.9,BTC
2013-06-12 22:26:26,1.0,106.9,BTC
2013-06-12 22:28:00,14.50186421,106.9,BTC
2013-06-12 22:28:49,0.029225,106.18,BTC
2013-06-12 22:28:49,0.03895,106.16,BTC
2013-06-12 22:28:49,0.03924,106.14,BTC
2013-06-12 22:28:57,1.6936081000000005,106.14,BTC
2013-06-12 22:29:06,0.038965,106.12,BTC
2013-06-12 22:29:21,0.418,106.15,BTC
2013-06-12 22:29:21,1.66666666,106.0,BTC
2013-06-12 22:29:29,1.64775461,106.0,BTC
2013-06-12 22:29:37,0.03907,106.09,BTC
2013-06-12 22:29:37,0.01468589,106.0,BTC
2013-06-12 22:44:38,1.66282604,106.9,BTC
2013-06-12 22:58:18,0.03917,106.33,BTC
2013-06-12 22:58:33,0.03908,106.32,BTC
2013-06-12 22:58:48,0.07761,106.3,BTC
2013-06-12 22:58:56,0.03891,106.27,BTC
2013-06-12 23:02:01,0.038855,106.42,BTC
2013-06-12 23:03:28,0.038975,106.35,BTC
2013-06-12 23:04:10,0.038895,106.31,BTC
2013-06-12 23:04:41,0.039185000000000005,106.29,BTC
2013-06-12 23:04:41,0.03891,106.27,BTC
2013-06-12 23:04:49,0.038635,106.25,BTC
2013-06-12 23:04:57,0.038360000000000005,106.23,BTC
2013-06-12 23:05:06,0.03912,106.21,BTC
2013-06-12 23:15:22,0.039205,105.98,BTC
2013-06-12 23:16:17,0.038835,105.96,BTC
2013-06-12 23:16:17,0.03922,105.94,BTC
2013-06-12 23:16:17,0.03885,105.92,BTC
2013-06-12 23:16:18,0.03877,105.88,BTC
2013-06-12 23:16:18,0.039155,105.86,BTC
2013-06-12 23:16:19,0.03869,105.84,BTC
2013-06-12 23:16:19,0.03917,105.82,BTC
2013-06-12 23:16:19,0.335875,105.8,BTC
2013-06-12 23:16:23,0.039205,105.98,BTC
2013-06-12 23:16:23,1.66531234,105.63,BTC
2013-06-12 23:16:23,0.038905,105.77,BTC
2013-06-12 23:17:21,1.0,105.8,BTC
2013-06-12 23:19:20,0.104,105.6943,BTC
2013-06-12 23:25:24,1.0,105.99,BTC
2013-06-12 23:26:52,0.038795,106.33,BTC
2013-06-12 23:26:53,0.038505000000000005,106.35,BTC
2013-06-12 23:26:53,0.03878,106.37,BTC
2013-06-12 23:26:53,0.5490550000000001,106.39,BTC
2013-06-12 23:29:48,0.03895,106.42,BTC
2013-06-12 23:29:48,0.038845,106.45,BTC
2013-06-12 23:29:48,0.03874,106.48,BTC
2013-06-12 23:29:48,0.038635,106.51,BTC
2013-06-12 23:29:48,0.03844,106.53,BTC
2013-06-12 23:29:48,0.038245,106.55,BTC
2013-06-12 23:29:49,0.038895,106.57,BTC
2013-06-12 23:29:49,0.07758,106.6,BTC
2013-06-12 23:41:39,1.56666666,106.4,BTC
2013-06-12 23:47:56,32.48411241,106.68,BTC
2013-06-13 00:05:29,0.039,106.28,BTC
2013-06-13 00:05:29,0.039195,106.26,BTC
2013-06-13 00:05:30,0.039015,106.24,BTC
2013-06-13 00:05:30,0.03874,106.22,BTC
2013-06-13 00:05:30,0.03903,106.2,BTC
2013-06-13 00:05:30,0.039225,106.18,BTC
2013-06-13 00:05:30,0.03895,106.16,BTC
2013-06-13 00:05:31,0.03924,106.14,BTC
2013-06-13 00:05:38,0.038965,106.12,BTC
2013-06-13 00:05:46,0.039255,106.1,BTC
2013-06-13 00:05:54,0.03898,106.08,BTC
2013-06-13 00:06:10,1.66666666,106.0,BTC
2013-06-13 00:06:18,0.039085,106.05,BTC
2013-06-13 00:06:27,1.6786606,106.09,BTC
2013-06-13 00:06:27,0.038715,106.03,BTC
2013-06-13 00:06:35,0.03891,106.27,BTC
2013-06-13 00:06:36,0.038635,106.25,BTC
2013-06-13 00:06:36,0.038360000000000005,106.23,BTC
2013-06-13 00:06:36,0.03912,106.21,BTC
2013-06-13 00:06:36,0.038845,106.19,BTC
2013-06-13 00:06:36,0.039135,106.17,BTC
2013-06-13 00:06:37,0.038860000000000006,106.15,BTC
2013-06-13 00:06:45,0.0391,106.01,BTC
2013-06-13 00:06:52,0.038915,106.0,BTC
2013-06-13 00:08:57,0.038915,106.0,BTC
2013-06-13 00:11:09,0.038915,106.0,BTC
2013-06-13 00:13:15,0.038915,106.0,BTC
2013-06-13 00:14:34,0.34855481,106.0,BTC
2013-06-13 00:34:18,0.85,106.02,BTC
2013-06-13 00:41:07,2.0,106.4,BTC
2013-06-13 00:41:08,56.66747245,106.45,BTC
2013-06-13 00:43:30,0.038805,106.3,BTC
2013-06-13 00:43:31,0.029195,106.26,BTC
2013-06-13 00:43:31,2.294796,106.11,BTC
2013-06-13 00:43:31,0.03907,106.09,BTC
2013-06-13 00:43:31,2.461482,106.07,BTC
2013-06-13 00:43:31,0.039085,106.05,BTC
2013-06-13 00:43:40,0.03038081,106.0,BTC
2013-06-13 00:44:04,3.31928758,106.83,BTC
2013-06-13 00:44:04,6.93468854,106.96685,BTC
2013-06-13 00:44:04,0.03889,106.84,BTC
2013-06-13 00:44:05,4.206415,106.86,BTC
2013-06-13 00:44:05,3.086595,106.88,BTC
2013-06-13 00:44:05,0.038775,106.9,BTC
2013-06-13 00:44:05,0.038865,106.91,BTC
2013-06-13 00:44:05,0.03839,106.93,BTC
2013-06-13 00:44:05,0.03885,106.95,BTC
2013-06-13 00:44:05,4.3539994,106.97,BTC
2013-06-13 00:44:05,0.038275,106.99,BTC
2013-06-13 00:44:06,0.038735000000000006,107.01,BTC
2013-06-13 00:44:06,0.038635,107.03,BTC
2013-06-13 00:44:06,0.03844,107.05,BTC
2013-06-13 00:44:06,0.03862,107.07,BTC
2013-06-13 00:44:06,0.0388,107.09,BTC
2013-06-13 00:44:06,0.037765,107.11,BTC
2013-06-13 00:44:06,0.038785,107.13,BTC
2013-06-13 00:44:06,0.038685,107.15,BTC
2013-06-13 00:44:07,0.038585,107.17,BTC
2013-06-13 00:44:07,0.03867,107.19,BTC
2013-06-13 00:44:07,0.03857,107.21,BTC
2013-06-13 00:44:07,0.03875,107.23,BTC
2013-06-13 00:44:07,0.038555,107.25,BTC
2013-06-13 00:44:07,0.038735000000000006,107.27,BTC
2013-06-13 00:44:08,5.0,107.45,BTC
2013-06-13 00:44:08,0.037605,107.3,BTC
2013-06-13 00:44:08,0.03853,107.32,BTC
2013-06-13 00:44:08,0.03815,107.34,BTC
2013-06-13 00:44:08,3.085,107.36,BTC
2013-06-13 00:44:08,0.9307056,107.44,BTC
2013-06-13 00:44:08,5.0,107.49,BTC
2013-06-13 00:44:09,9.2190106,107.6,BTC
2013-06-13 00:44:09,0.1,107.82,BTC
2013-06-13 00:44:09,10.0,108.0,BTC
2013-06-13 00:44:11,11.9052608,107.92,BTC
2013-06-13 00:44:16,0.03908,106.32,BTC
2013-06-13 00:45:19,0.0388,106.57,BTC
2013-06-13 00:45:19,1.6813069,106.32,BTC
2013-06-13 00:45:20,1.5730000000000002,107.92,BTC
2013-06-13 00:45:38,0.2,106.33,BTC
2013-06-13 00:45:58,1.43887263,106.34,BTC
2013-06-13 00:50:35,1.6485486,106.91,BTC
2013-06-13 00:50:36,1.0,106.9,BTC
2013-06-13 00:50:36,0.038875,106.88,BTC
2013-06-13 00:50:36,0.038695,106.86,BTC
2013-06-13 00:50:36,0.038515,106.84,BTC
2013-06-13 00:50:36,0.03899,106.82,BTC
2013-06-13 00:50:36,0.03881,106.8,BTC
2013-06-13 00:50:36,0.039005,106.78,BTC
2013-06-13 00:50:37,0.038825,106.76,BTC
2013-06-13 00:50:37,0.03902,106.74,BTC
2013-06-13 00:50:37,0.038465,106.72,BTC
2013-06-13 00:50:37,0.03894,106.7,BTC
2013-06-13 00:50:37,0.03876,106.68,BTC
2013-06-13 00:50:37,0.038955,106.66,BTC
2013-06-13 00:50:37,0.038775,106.64,BTC
2013-06-13 00:50:38,0.038725,106.52,BTC
2013-06-13 00:50:39,0.03892,106.5,BTC
2013-06-13 00:50:42,0.8720683000000001,106.75,BTC
2013-06-13 00:50:51,1.55383984,106.52,BTC
2013-06-13 00:52:55,0.03875,106.45,BTC
2013-06-13 00:52:55,0.038945,106.43,BTC
2013-06-13 00:52:56,0.038765,106.41,BTC
2013-06-13 00:52:57,0.03896,106.39,BTC
2013-06-13 00:52:57,0.75,106.04,BTC
2013-06-13 00:52:58,3.404,106.02,BTC
2013-06-13 00:52:58,8.6257881,105.9,BTC
2013-06-13 01:50:23,0.03875,107.23,BTC
2013-06-13 01:50:23,0.038645,107.26,BTC
2013-06-13 01:50:23,0.037985000000000005,107.28,BTC
2013-06-13 01:50:23,0.037605,107.3,BTC
2013-06-13 01:50:23,0.03853,107.32,BTC
2013-06-13 01:50:23,0.03815,107.34,BTC
2013-06-13 01:50:24,0.03805,107.36,BTC
2013-06-13 01:51:01,0.03866,107.22,BTC
2013-06-13 01:54:06,0.03839,107.45,BTC
2013-06-13 01:54:07,0.03829,107.47,BTC
2013-06-13 01:54:07,0.287655,107.49,BTC
2013-06-13 01:54:08,0.038555,107.51,BTC
2013-06-13 01:54:08,0.038455,107.53,BTC
2013-06-13 01:54:09,0.038355,107.55,BTC
2013-06-13 01:54:09,0.038255,107.57,BTC
2013-06-13 01:55:11,1.0,107.9,BTC
2013-06-13 01:55:28,1.0,107.9,BTC
2013-06-13 02:27:35,0.038575,107.45,BTC
2013-06-13 02:27:35,1.66639169,107.27,BTC
2013-06-13 02:27:36,0.0384,107.42,BTC
2013-06-13 02:27:36,0.03878,107.4,BTC
2013-06-13 02:27:36,3.02502831,107.22,BTC
2013-06-13 02:28:48,0.1,107.46,BTC
2013-06-13 02:34:03,0.00195903,107.43,BTC
2013-06-13 02:48:02,16.67635236,107.41,BTC
2013-06-13 02:53:44,1.0,107.9,BTC
2013-06-13 03:22:26,1.0,107.93,BTC
2013-06-13 03:23:56,10.0,107.75,BTC
2013-06-13 03:39:22,50.0,108.1,BTC
2013-06-13 03:39:22,0.07661,107.95,BTC
2013-06-13 03:39:22,0.03802,107.97,BTC
2013-06-13 03:39:22,0.037735000000000005,107.99,BTC
2013-06-13 03:40:14,0.03847,108.01,BTC
2013-06-13 03:40:15,0.037625,108.04,BTC
2013-06-13 03:40:15,0.038360000000000005,108.06,BTC
2013-06-13 03:40:16,0.038445,108.08,BTC
2013-06-13 03:40:17,0.038345,108.1,BTC
2013-06-13 03:40:17,0.03843,108.12,BTC
2013-06-13 03:40:18,1.0,108.3,BTC
2013-06-13 03:40:19,28.03842,108.15,BTC
2013-06-13 03:40:20,0.03832,108.17,BTC
2013-06-13 03:40:21,0.038405,108.19,BTC
2013-06-13 03:40:50,0.0384,108.21,BTC
2013-06-13 03:40:51,0.0383,108.23,BTC
2013-06-13 03:40:51,0.037275,108.25,BTC
2013-06-13 03:40:51,0.03773,108.27,BTC
2013-06-13 03:40:51,0.038,108.29,BTC
2013-06-13 03:40:52,0.03827,108.31,BTC
2013-06-13 03:40:52,6.819112,108.33,BTC
2013-06-13 03:40:52,0.037610000000000005,108.35,BTC
2013-06-13 03:40:52,0.037695,108.37,BTC
2013-06-13 03:40:52,0.037965,108.39,BTC
2013-06-13 03:40:52,0.03805,108.41,BTC
2013-06-13 03:40:53,0.03777,108.42,BTC
2013-06-13 03:40:53,1.0280806,108.44,BTC
2013-06-13 03:40:53,0.038125,108.46,BTC
2013-06-13 03:40:53,0.03821,108.48,BTC
2013-06-13 03:40:55,0.03793,108.49,BTC
2013-06-13 03:40:56,0.038015,108.51,BTC
2013-06-13 03:40:57,1.0,108.69,BTC
2013-06-13 03:40:59,0.038005,108.54,BTC
2013-06-13 03:41:00,0.03809,108.56,BTC
2013-06-13 03:41:01,0.038175,108.58,BTC
2013-06-13 03:41:02,0.03826,108.6,BTC
2013-06-13 03:41:03,0.0475517,108.62,BTC
2013-06-13 03:41:05,0.03797,108.64,BTC
2013-06-13 03:41:06,0.038055,108.66,BTC
2013-06-13 03:41:07,0.03814,108.68,BTC
2013-06-13 03:41:08,0.038225,108.7,BTC
2013-06-13 03:41:09,0.03785,108.72,BTC
2013-06-13 03:41:10,0.037935,108.74,BTC
2013-06-13 03:41:11,6.037000000000001,108.82,BTC
2013-06-13 03:41:12,1.8458699,109.11,BTC
2013-06-13 03:41:13,0.8118092,109.14,BTC
2013-06-13 03:43:15,21.0,108.2,BTC
2013-06-13 04:00:06,0.038405,108.19,BTC
2013-06-13 04:00:06,0.0384,108.21,BTC
2013-06-13 04:00:07,0.0383,108.23,BTC
2013-06-13 04:00:07,0.07676000000000001,108.26,BTC
2013-06-13 04:00:07,0.038,108.29,BTC
2013-06-13 04:00:07,0.07654,108.31,BTC
2013-06-13 04:53:48,1.0,108.36,BTC
2013-06-13 05:34:48,0.5,108.01,BTC
2013-06-13 05:39:43,0.65825982,108.01,BTC
2013-06-13 06:04:33,0.038,108.29,BTC
2013-06-13 06:08:08,1.4034,107.83,BTC
2013-06-13 06:08:24,1.65146,107.79,BTC
2013-06-13 06:08:47,0.769335,107.69,BTC
2013-06-13 06:09:22,1.0,107.69,BTC
2013-06-13 06:09:26,0.7948212,107.62,BTC
2013-06-13 06:10:47,1.97661,107.49,BTC
2013-06-13 06:56:20,0.3161381,107.62,BTC
2013-06-13 06:56:34,0.3161381,107.62,BTC
2013-06-13 06:56:43,0.3161381,107.62,BTC
2013-06-13 06:57:41,1.66056858,107.52,BTC
2013-06-13 06:57:43,0.038425,107.61,BTC
2013-06-13 06:57:44,0.038525,107.59,BTC
2013-06-13 06:57:44,0.03844,107.57,BTC
2013-06-13 06:57:46,0.03835,107.56,BTC
2013-06-13 06:57:47,0.03845,107.54,BTC
2013-06-13 06:57:48,0.03855,107.52,BTC
2013-06-13 06:57:49,0.038465,107.5,BTC
2013-06-13 06:57:49,1.02549914,107.48,BTC
2013-06-13 07:22:44,1.0,107.47,BTC
2013-06-13 07:36:20,0.038225,107.39,BTC
2013-06-13 07:36:20,0.038325,107.37,BTC
2013-06-13 07:36:20,0.038705,107.35,BTC
2013-06-13 07:36:20,0.038805,107.33,BTC
2013-06-13 07:36:20,0.03844,107.31,BTC
2013-06-13 07:37:25,0.038805,107.33,BTC
2013-06-13 07:37:26,0.03844,107.31,BTC
2013-06-13 07:38:33,0.038225,107.39,BTC
2013-06-13 07:38:33,0.038325,107.37,BTC
2013-06-13 07:38:33,0.038705,107.35,BTC
2013-06-13 07:43:47,0.04,107.5,BTC
2013-06-13 08:21:59,1.0,107.94,BTC
2013-06-13 09:16:29,1.518717,108.18,BTC
2013-06-13 09:16:37,1.518717,108.18,BTC
2013-06-13 09:17:05,0.1057771,108.21,BTC
2013-06-13 09:19:29,0.0557771,108.21,BTC
2013-06-13 09:20:41,0.3717233,108.21,BTC
2013-06-13 09:33:36,1.7959200000000002,108.28,BTC
2013-06-13 09:34:41,7.0,108.35,BTC
2013-06-13 09:35:03,1.2040799999999998,108.31,BTC
2013-06-13 09:35:13,14.9205818,108.35,BTC
2013-06-13 09:35:14,0.037695,108.37,BTC
2013-06-13 09:35:14,0.9527103,108.39,BTC
2013-06-13 09:35:34,5.0,108.24,BTC
2013-06-13 09:54:06,3.8969462,108.39,BTC
2013-06-13 09:55:20,0.9256327,108.4,BTC
2013-06-13 10:03:52,0.25954320000000003,108.39,BTC
2013-06-13 10:05:05,0.15622979999999995,108.39,BTC
2013-06-13 10:06:55,1.64690647,107.98,BTC
2013-06-13 10:06:56,0.68642687,107.97,BTC
2013-06-13 10:07:54,2.2969178,108.39,BTC
2013-06-13 10:08:03,0.66666666,107.81,BTC
2013-06-13 10:23:30,0.6059795,108.37,BTC
2013-06-13 10:27:39,2.4437881,108.34,BTC
2013-06-13 10:29:14,0.2898283,108.11,BTC
2013-06-13 10:31:25,0.0723245,108.11,BTC
2013-06-13 11:14:54,10.0,108.28,BTC
2013-06-13 11:15:06,0.00383714,108.28,BTC
2013-06-13 11:16:12,0.0024004,108.28,BTC
2013-06-13 11:59:11,0.2243979,107.9,BTC
2013-06-13 12:34:31,0.8297254999999999,107.81,BTC
2013-06-13 12:34:31,0.03799,107.79,BTC
2013-06-13 12:34:31,0.03809,107.77,BTC
2013-06-13 12:34:31,1.0,107.75,BTC
2013-06-13 12:34:32,0.07733,107.72,BTC
2013-06-13 12:34:32,0.03849,107.69,BTC
2013-06-13 12:34:32,0.03859,107.67,BTC
2013-06-13 12:34:32,0.03869,107.65,BTC
2013-06-13 12:34:32,0.038325,107.63,BTC
2013-06-13 12:34:32,0.038425,107.61,BTC
2013-06-13 12:34:32,0.038525,107.59,BTC
2013-06-13 12:34:33,1.66666666,107.41258,BTC
2013-06-13 12:34:33,0.03835,107.56,BTC
2013-06-13 12:34:33,0.03845,107.54,BTC
2013-06-13 12:34:33,7.03855,107.52,BTC
2013-06-13 12:34:33,18.248465,107.5,BTC
2013-06-13 12:34:33,0.038565,107.48,BTC
2013-06-13 12:34:34,0.5,107.3,BTC
2013-06-13 12:34:34,0.038575,107.45,BTC
2013-06-13 12:34:34,0.03849,107.43,BTC
2013-06-13 12:34:34,0.03859,107.41,BTC
2013-06-13 12:34:34,0.038225,107.39,BTC
2013-06-13 12:34:35,0.038135,107.38,BTC
2013-06-13 12:34:35,0.038515,107.36,BTC
2013-06-13 12:34:35,0.038615,107.34,BTC
2013-06-13 12:34:35,0.03825,107.32,BTC
2013-06-13 12:34:35,0.03863,107.3,BTC
2013-06-13 12:34:35,0.03873,107.28,BTC
2013-06-13 12:34:35,0.03883,107.26,BTC
2013-06-13 12:34:36,0.038465,107.24,BTC
2013-06-13 12:34:36,0.038655,107.23,BTC
2013-06-13 12:34:36,0.038755,107.21,BTC
2013-06-13 12:34:36,0.038855,107.19,BTC
2013-06-13 12:34:36,0.03877,107.17,BTC
2013-06-13 12:34:37,0.03868,107.16,BTC
2013-06-13 12:34:37,0.03878,107.14,BTC
2013-06-13 12:34:37,0.03888,107.12,BTC
2013-06-13 12:34:37,28.038795,107.1,BTC
2013-06-13 12:34:37,0.038895,107.08,BTC
2013-06-13 12:34:38,0.03881,107.06,BTC
2013-06-13 12:34:38,0.0487194,107.04,BTC
2013-06-13 12:34:38,0.4549727,107.02,BTC
2013-06-13 12:34:38,2.27127586,107.0,BTC
2013-06-13 12:36:08,0.153325,107.57,BTC
2013-06-13 12:36:08,2.2899781000000003,107.13,BTC
2013-06-13 12:36:25,0.03881,107.06,BTC
2013-06-13 12:36:36,1.64088911,107.0,BTC
2013-06-13 12:36:48,0.038895,107.08,BTC
2013-06-13 12:37:19,0.03888,107.12,BTC
2013-06-13 12:37:28,0.038795,107.1,BTC
2013-06-13 12:37:36,0.03868,107.16,BTC
2013-06-13 12:37:51,0.03878,107.14,BTC
2013-06-13 12:37:51,0.038705,107.09,BTC
2013-06-13 13:20:17,0.381102,107.15,BTC
2013-06-13 13:21:11,2e-06,107.16,BTC
2013-06-13 13:21:27,2e-06,107.16,BTC
2013-06-13 13:21:42,2e-06,107.16,BTC
2013-06-13 13:21:58,2e-06,107.16,BTC
2013-06-13 13:22:13,2e-06,107.16,BTC
2013-06-13 13:22:29,2e-06,107.16,BTC
2013-06-13 13:22:45,2e-06,107.16,BTC
2013-06-13 13:23:05,2e-06,107.16,BTC
2013-06-13 13:23:20,2e-06,107.16,BTC
2013-06-13 13:23:36,2e-06,107.16,BTC
2013-06-13 13:23:51,2e-06,107.16,BTC
2013-06-13 13:24:07,2e-06,107.16,BTC
2013-06-13 13:24:22,2e-06,107.16,BTC
2013-06-13 13:24:37,0.03878,107.14,BTC
2013-06-13 13:24:45,2e-06,107.16,BTC
2013-06-13 13:40:14,0.0221061,107.12,BTC
2013-06-13 13:42:16,5.0692266,107.1,BTC
2013-06-13 13:42:16,0.038895,107.08,BTC
2013-06-13 13:42:16,0.9729123,107.06,BTC
2013-06-13 13:42:16,0.03891,107.04,BTC
2013-06-13 13:42:17,0.03873,107.02,BTC
2013-06-13 13:43:15,2.686758,107.53,BTC
2013-06-13 13:43:18,0.313242,107.53,BTC
2013-06-13 13:44:49,0.03882,107.03,BTC
2013-06-13 13:46:11,0.11127,107.01,BTC
2013-06-13 14:03:31,2.58,106.81,BTC
2013-06-13 14:07:19,2.58,106.8,BTC
2013-06-13 14:07:19,7.8478481,106.9,BTC
2013-06-13 14:07:19,0.038875,106.88,BTC
2013-06-13 14:07:20,3.47,106.7,BTC
2013-06-13 14:07:20,0.4555419,106.85,BTC
2013-06-13 14:07:21,0.038425,106.83,BTC
2013-06-13 14:07:21,0.0389,106.81,BTC
2013-06-13 14:07:22,0.03881,106.8,BTC
2013-06-13 14:07:23,0.039005,106.78,BTC
2013-06-13 14:07:23,0.038825,106.76,BTC
2013-06-13 14:07:24,3.51102,106.74,BTC
2013-06-13 14:27:31,1.6393654,106.71,BTC
2013-06-13 14:27:32,0.04306854,106.98,BTC
2013-06-13 14:28:25,4.6546934,107.5,BTC
