timestamp,amount,price,symbol
2013-03-18 12:25:48,1.7809331000000002,47.72574064,BTC
2013-03-18 12:25:51,0.01581752,47.72575064,BTC
2013-03-18 12:45:51,1.3619999999999999,47.70001,BTC
2013-03-18 12:46:00,0.25034275,47.69807069,BTC
2013-03-18 13:13:26,0.14291302,47.65999682,BTC
2013-03-18 13:13:27,36.15493568,47.65998682,BTC
2013-03-18 13:17:57,21.70835642,47.66,BTC
2013-03-18 13:30:37,94.97856388,47.70001,BTC
2013-03-18 13:30:41,226.66259796,47.70001,BTC
2013-03-18 15:11:37,0.6701699999999999,47.74799769,BTC
2013-03-18 15:11:42,0.6701699999999999,47.74799769,BTC
2013-03-18 15:11:46,0.6701699999999999,47.74799769,BTC
2013-03-18 17:30:21,17.8583682,47.8,BTC
2013-03-18 17:49:35,1.0,47.8,BTC
2013-03-18 17:49:41,1.0,47.8,BTC
2013-03-18 17:49:52,1.0,47.80003912,BTC
2013-03-18 17:50:53,5.0,47.8,BTC
2013-03-18 17:51:04,3.71,47.8,BTC
2013-03-18 18:51:11,3.07166891,47.83397069,BTC
2013-03-18 18:51:14,3.07166891,47.83193272,BTC
2013-03-18 18:51:21,3.02166883,47.83193272,BTC
2013-03-18 18:54:20,0.03958852,47.83414000000001,BTC
2013-03-18 18:56:09,0.33052227,47.86027738,BTC
2013-03-18 18:56:15,0.9490622,47.88028738,BTC
2013-03-18 19:19:22,1.01253645,47.89951,BTC
2013-03-18 19:19:24,24.67208796,47.918,BTC
2013-03-18 19:20:47,0.2,47.92,BTC
2013-03-18 19:26:07,1.0,47.946999999999996,BTC
2013-03-18 19:26:15,1.0,47.946999999999996,BTC
2013-03-18 19:26:31,1.0,47.946999999999996,BTC
2013-03-18 19:26:45,1.0,47.946999999999996,BTC
2013-03-18 19:26:58,1.0,47.94615723,BTC
2013-03-18 19:27:13,0.54161551,47.94600000000001,BTC
2013-03-18 19:27:15,1.45838449,47.946999999999996,BTC
2013-03-18 19:28:22,76.0,48.01923075,BTC
2013-03-18 19:28:24,87.52610042,48.02526057,BTC
2013-03-18 19:28:36,100.0,48.0307098,BTC
2013-03-18 19:28:41,0.26534601,48.075699799999995,BTC
2013-03-18 19:28:44,0.29292846,48.2807098,BTC
2013-03-18 19:28:46,2.07215406,48.2896698,BTC
2013-03-18 19:28:53,0.38593382,48.31252768,BTC
2013-03-18 19:28:55,0.07363054,48.32251768,BTC
2013-03-18 19:29:13,0.23913,48.32662651,BTC
2013-03-18 19:30:05,0.257,48.41187203,BTC
2013-03-18 19:30:09,0.257,48.41187203,BTC
2013-03-18 19:30:14,0.09970928,48.38064203,BTC
2013-03-18 19:30:19,0.519846,48.37993286,BTC
2013-03-18 19:30:30,0.05354994,48.41886659,BTC
2013-03-18 19:30:44,0.05354994,48.41918236,BTC
2013-03-18 19:30:51,0.05354994,48.41918236,BTC
2013-03-18 19:31:03,0.1906979,48.50554,BTC
2013-03-18 19:31:09,1.02562696,48.51355,BTC
2013-03-18 19:32:49,12.0,48.5138,BTC
2013-03-18 19:32:55,2.90490268,48.61131245,BTC
2013-03-18 19:32:59,0.11183,48.61779245,BTC
2013-03-18 19:33:04,40.0,48.62131245,BTC
2013-03-18 19:33:18,4.71038035,48.62442245,BTC
2013-03-18 19:33:52,10.0,48.55085991,BTC
2013-03-18 19:33:58,10.0,48.55291611,BTC
2013-03-18 19:34:02,10.0,48.5498799,BTC
2013-03-18 19:34:06,10.0,48.5498799,BTC
2013-03-18 19:39:04,13.0,48.59,BTC
2013-03-18 19:40:03,1.85839468,48.41904682,BTC
2013-03-18 19:40:04,40.0,48.59,BTC
2013-03-18 19:40:05,0.04426898,48.59260682,BTC
2013-03-18 19:40:08,1.85839468,48.41872241,BTC
2013-03-18 19:40:08,0.04426898,48.59228241,BTC
2013-03-18 19:40:11,81.58327061,48.60005241,BTC
2013-03-18 19:43:44,40.0,48.59,BTC
2013-03-18 19:44:32,44.42588777,48.600544799999994,BTC
2013-03-18 19:44:47,1.0,48.60185204,BTC
2013-03-18 19:45:07,0.1,48.60160621,BTC
2013-03-18 19:45:20,0.1,48.60162621,BTC
2013-03-18 19:45:29,0.1,48.43161934,BTC
2013-03-18 19:49:02,0.01,48.60001654,BTC
2013-03-18 19:52:28,9.99,48.828191499999996,BTC
2013-03-18 20:04:57,20.46,48.65800783,BTC
2013-03-18 20:07:07,10.0,48.65,BTC
2013-03-18 20:08:47,6.5,48.64,BTC
2013-03-18 20:09:05,5.51522889,48.6,BTC
2013-03-18 20:09:09,5.51522889,48.6,BTC
2013-03-18 20:09:12,4.48477111,48.6,BTC
2013-03-18 20:09:43,0.38336853,48.50008578,BTC
2013-03-18 20:09:46,0.38336853,48.50008578,BTC
2013-03-18 20:12:26,2.18329106,48.65517588,BTC
2013-03-18 20:12:32,2.18329106,48.65517588,BTC
2013-03-18 20:12:40,2.18329106,48.64899942,BTC
2013-03-18 20:12:45,2.18329106,48.64913363,BTC
2013-03-18 20:14:01,85.75160687,48.6,BTC
2013-03-18 20:15:29,0.24,48.42011152,BTC
2013-03-18 20:15:32,0.24,48.42011152,BTC
2013-03-18 20:15:45,3.07583703,48.72,BTC
2013-03-18 20:15:47,2.475,48.748979999999996,BTC
2013-03-18 20:16:00,2.4965653,48.42017289,BTC
2013-03-18 20:16:12,2.4965653,48.42017289,BTC
2013-03-18 20:16:46,0.01,48.71022601,BTC
2013-03-18 20:16:50,0.01,48.6,BTC
2013-03-18 20:26:13,0.49499575,48.58002617,BTC
2013-03-18 20:26:16,10.0,48.66002617,BTC
2013-03-18 20:26:19,10.0,48.70002617,BTC
2013-03-18 20:26:22,0.01,48.71002617,BTC
2013-03-18 20:26:25,23.01387021,48.72902617,BTC
2013-03-18 20:26:29,33.0,48.74002617,BTC
2013-03-18 20:26:34,1.0,48.74900617,BTC
2013-03-18 20:26:38,3.0,48.75900617,BTC
2013-03-18 20:26:45,0.49499575,48.58002617,BTC
2013-03-18 20:26:48,10.0,48.66002617,BTC
2013-03-18 20:26:50,10.0,48.70002617,BTC
2013-03-18 20:26:53,0.01,48.71002617,BTC
2013-03-18 20:27:00,23.01387021,48.72902617,BTC
2013-03-18 20:27:07,4.14663167,48.74002617,BTC
2013-03-18 20:35:57,6.97225872,48.0,BTC
2013-03-18 20:36:24,29.62191965,48.31327,BTC
2013-03-18 20:36:46,5.56,48.00016991,BTC
2013-03-18 20:36:51,5.56,48.00016991,BTC
2013-03-18 20:37:07,0.00751489,48.0,BTC
2013-03-18 20:37:45,10.0,48.4,BTC
2013-03-18 20:41:42,3.61133816,47.7576,BTC
2013-03-18 20:41:53,3.61133816,47.76126863,BTC
2013-03-18 20:42:00,3.61133816,47.76126863,BTC
2013-03-18 20:50:55,1.00429226,48.4,BTC
2013-03-18 20:53:15,0.1,48.49130169,BTC
2013-03-18 20:59:12,1.0,48.19999,BTC
2013-03-18 21:00:07,0.1,48.06055,BTC
2013-03-18 21:35:21,2.415,48.589,BTC
2013-03-18 21:36:36,0.5,48.58996,BTC
2013-03-18 21:36:37,2.38184441,48.58999,BTC
2013-03-18 21:36:43,37.11815559,48.59998,BTC
2013-03-18 21:41:06,3.3908172,48.44927065,BTC
2013-03-18 21:41:09,0.01,48.44924065,BTC
2013-03-18 21:41:12,0.01,48.44921065,BTC
2013-03-18 21:41:49,1.60054427,48.44696184,BTC
2013-03-18 21:47:32,0.01,48.89993185,BTC
2013-03-18 22:13:10,77.58868255,49.254763200000006,BTC
2013-03-18 22:17:42,2.0213186999999997,49.39525510000001,BTC
2013-03-18 22:17:48,95.20910025,49.3,BTC
2013-03-18 22:36:13,0.06613129,49.56838,BTC
2013-03-18 22:36:14,22.32003956,49.3,BTC
2013-03-18 22:36:16,70.7736107,49.15,BTC
2013-03-18 22:36:17,8.8591,49.47,BTC
2013-03-18 22:36:19,64.1409,49.15,BTC
2013-03-18 22:37:13,56.26057794,49.5683441,BTC
2013-03-18 22:37:15,4.296,49.5899441,BTC
2013-03-18 22:45:02,20.13131031,49.50002,BTC
2013-03-18 22:49:51,0.60074344,49.15,BTC
2013-03-18 22:50:38,0.17666806,49.510020000000004,BTC
2013-03-18 23:05:34,0.1337,49.48999,BTC
2013-03-18 23:05:42,0.1337,49.49004879,BTC
2013-03-18 23:05:53,0.1337,49.49001,BTC
2013-03-18 23:06:04,0.1337,49.49004622,BTC
2013-03-18 23:06:14,0.1337,49.49020601,BTC
2013-03-18 23:08:05,7.0422,49.7,BTC
2013-03-18 23:09:42,1.78864164,49.6950766,BTC
2013-03-18 23:14:57,5.0,49.75232658,BTC
2013-03-18 23:15:19,5.0,49.75564872,BTC
2013-03-18 23:15:35,5.0,49.75528643,BTC
2013-03-18 23:15:50,5.0,49.76878336,BTC
2013-03-18 23:16:07,5.0,49.77452066,BTC
2013-03-18 23:19:12,6.74610511,49.74124709,BTC
2013-03-18 23:19:42,0.20600000000000002,49.71582557,BTC
2013-03-18 23:19:48,0.20600000000000002,49.71402633,BTC
2013-03-18 23:19:55,0.20600000000000002,49.71961632,BTC
2013-03-18 23:20:04,0.20600000000000002,49.72627148,BTC
2013-03-18 23:20:13,0.20600000000000002,49.72831889,BTC
2013-03-18 23:20:37,5.0,50.1,BTC
2013-03-18 23:22:04,100.0,50.03201718,BTC
2013-03-18 23:22:15,50.01,50.03530168,BTC
2013-03-18 23:22:58,20.0,50.01459061,BTC
2013-03-18 23:23:24,10.0,50.01962423,BTC
2013-03-18 23:23:50,2.0,50.01920423,BTC
2013-03-18 23:24:22,0.09139625,50.00987089,BTC
2013-03-18 23:24:25,0.09139625,50.00987089,BTC
2013-03-18 23:24:31,0.09139625,50.00987089,BTC
2013-03-18 23:25:48,0.09139625,50.00531954,BTC
2013-03-18 23:30:45,1.99920032,49.93930404,BTC
2013-03-18 23:34:04,7.66379445,50.4,BTC
2013-03-18 23:34:19,0.33717723,50.40998,BTC
2013-03-18 23:34:27,24.2398372,50.499990000000004,BTC
2013-03-18 23:34:45,0.67953647,50.40171771,BTC
2013-03-18 23:34:47,0.05134554,50.55171771,BTC
2013-03-18 23:34:49,0.1377,50.58429771,BTC
2013-03-18 23:34:51,4.8,50.58940771,BTC
2013-03-18 23:34:54,0.2,50.59721771,BTC
2013-03-18 23:34:58,0.1182,50.60116771,BTC
2013-03-18 23:35:36,10.0,50.89080226,BTC
2013-03-18 23:35:51,1.48846664,50.83027543,BTC
2013-03-18 23:36:04,0.5,51.0,BTC
2013-03-18 23:36:26,0.2,51.00316273,BTC
2013-03-18 23:36:31,0.2,51.00316273,BTC
2013-03-18 23:36:34,9.76288014,51.01167273,BTC
2013-03-18 23:36:39,0.027110000000000002,51.00116041,BTC
2013-03-18 23:36:41,0.01000986,51.00640041,BTC
2013-03-18 23:36:44,0.027110000000000002,51.00116041,BTC
2013-03-18 23:36:48,0.01000986,51.00640041,BTC
2013-03-18 23:37:27,0.0252,51.01648,BTC
2013-03-18 23:37:29,3.9401800000000002,51.05513,BTC
2013-03-18 23:37:32,0.15143484,51.06078,BTC
2013-03-18 23:37:35,0.12259,51.08276,BTC
2013-03-18 23:37:38,0.02929689,51.09625,BTC
2013-03-18 23:37:43,0.2,51.10349,BTC
2013-03-18 23:37:46,0.01000948,51.107620000000004,BTC
2013-03-18 23:37:48,0.5,51.143159999999995,BTC
2013-03-18 23:37:50,0.01000936,51.15873,BTC
2013-03-18 23:38:02,0.5,51.5,BTC
2013-03-18 23:38:09,4.75374945,50.99448391,BTC
2013-03-18 23:38:16,1.6746400000000001,51.06868609,BTC
2013-03-18 23:38:18,1.8188099999999998,51.32400609,BTC
2013-03-18 23:38:21,0.5,52.0,BTC
2013-03-18 23:38:28,2.076,52.00046955,BTC
2013-03-18 23:38:31,0.2,52.03123955,BTC
2013-03-18 23:38:33,0.029060000000000002,52.03630955,BTC
2013-03-18 23:38:35,0.02929689,52.04149955,BTC
2013-03-18 23:38:56,1.923,52.00001372,BTC
2013-03-18 23:39:17,1.22914668,52.00043827,BTC
2013-03-18 23:41:35,6.58638343,52.12481249,BTC
2013-03-18 23:41:38,8.0,52.12983249,BTC
2013-03-18 23:41:39,0.1819,52.13575249,BTC
2013-03-18 23:41:40,10.0,52.14021249,BTC
2013-03-18 23:41:41,0.010006999999999999,52.14436249,BTC
2013-03-18 23:41:42,5.8871400000000005,52.14613249,BTC
2013-03-18 23:41:46,0.1217,52.16040249,BTC
2013-03-18 23:41:54,2.03629528,52.12481249,BTC
2013-03-18 23:43:17,4.0,52.1650216,BTC
2013-03-18 23:43:50,1.68657084,52.32031507,BTC
2013-03-18 23:44:05,1.68657084,52.33429317,BTC
2013-03-18 23:44:13,0.5,52.5,BTC
2013-03-18 23:45:51,0.21771999999999997,52.43918796,BTC
2013-03-18 23:46:02,1.00557625,52.36887796,BTC
2013-03-18 23:47:39,32.39216125,52.1707174,BTC
2013-03-18 23:48:08,30.40624491,52.21349178,BTC
2013-03-18 23:48:51,0.26203000000000004,52.78043826,BTC
2013-03-18 23:49:22,3.2,52.59181229,BTC
2013-03-18 23:49:25,0.56203,52.79180229,BTC
2013-03-18 23:49:39,1.89465276,52.82192229,BTC
2013-03-18 23:49:54,3.2,52.59181229,BTC
2013-03-18 23:50:16,1.89465276,52.82192229,BTC
2013-03-18 23:51:31,1.42795756,51.68985314,BTC
2013-03-18 23:53:33,0.9,51.73058644,BTC
2013-03-18 23:53:40,1.37632619,51.94021619,BTC
2013-03-18 23:54:32,0.02573348,51.99116224,BTC
2013-03-18 23:54:49,0.01223216,51.99899,BTC
2013-03-18 23:56:07,2.81565297,51.986999999999995,BTC
2013-03-18 23:56:17,2.81565297,51.98739841,BTC
2013-03-18 23:56:37,6.0,52.0,BTC
2013-03-18 23:56:39,8.97,52.0,BTC
2013-03-18 23:56:44,57.27047855,52.24904148,BTC
2013-03-18 23:56:45,5.0,52.25004148,BTC
2013-03-18 23:56:46,6.9735,52.25014148,BTC
2013-03-18 23:56:47,1.91359945,52.25768148,BTC
2013-03-18 23:56:49,0.25,52.29156148,BTC
2013-03-18 23:57:19,1.95735761,51.99788689,BTC
2013-03-19 00:01:10,1.76648339,51.60008206,BTC
2013-03-19 00:02:55,35.0,51.48380414,BTC
2013-03-19 00:04:16,20.0,51.58758636,BTC
2013-03-19 00:09:32,0.1,51.00565308,BTC
2013-03-19 00:09:35,0.27819714,50.82491308,BTC
2013-03-19 00:09:42,7.9,51.00278727,BTC
2013-03-19 00:10:23,9.28390469,51.00060274,BTC
2013-03-19 00:10:32,10.0,51.0,BTC
2013-03-19 00:10:51,1.6,51.299009999999996,BTC
2013-03-19 00:12:39,1.09863589,50.86988216,BTC
2013-03-19 00:12:50,10.0,50.75755228,BTC
2013-03-19 00:15:49,0.68311592,50.22844283,BTC
2013-03-19 00:15:53,3.61944921,49.92844283,BTC
2013-03-19 00:16:02,0.01010996,49.91388283,BTC
2013-03-19 00:16:08,0.01011015,49.86395283,BTC
2013-03-19 00:16:13,0.25416,49.85509283,BTC
2013-03-19 00:16:20,0.01011036,49.81407283,BTC
2013-03-19 00:16:24,0.2024,49.76035283,BTC
2013-03-19 00:18:01,0.03506411,50.85273688,BTC
2013-03-19 00:18:13,2.1337,50.84179881,BTC
2013-03-19 00:19:38,1.1337,50.79917248,BTC
2013-03-19 00:19:50,1.1337,50.79948762,BTC
2013-03-19 00:19:58,1.1337,50.75005336,BTC
2013-03-19 00:34:05,2.29434924,50.83159594,BTC
2013-03-19 00:34:07,1.03865076,50.85058594,BTC
2013-03-19 00:34:28,0.01571431,50.80001,BTC
2013-03-19 00:44:51,20.20118107,50.78986083,BTC
2013-03-19 03:28:54,24.73,52.00016581,BTC
2013-03-19 03:32:16,0.1,51.76936607,BTC
2013-03-19 03:34:51,3.98728212,51.82025847,BTC
2013-03-19 03:35:48,0.493,51.819990000000004,BTC
2013-03-19 03:40:24,2.0,51.8999,BTC
2013-03-19 03:40:32,2.0,51.90011573,BTC
2013-03-19 03:40:35,2.0,51.90011573,BTC
2013-03-19 03:40:42,2.0,51.89998834,BTC
2013-03-19 03:40:44,2.0,51.89998834,BTC
2013-03-19 03:41:15,2.0,51.90156329,BTC
2013-03-19 03:42:29,0.25,51.9010887,BTC
2013-03-19 03:48:29,1.0,51.9,BTC
2013-03-19 03:58:37,0.09083803,51.97999,BTC
2013-03-19 03:58:45,0.32906823,51.97968313,BTC
2013-03-19 04:08:50,2.0,51.81019499,BTC
2013-03-19 04:08:52,8.862,51.81019499,BTC
2013-03-19 04:37:19,0.1,51.70578,BTC
2013-03-19 04:48:56,0.25,51.9585,BTC
2013-03-19 05:04:05,2.0,51.50044667,BTC
2013-03-19 05:04:16,1.2,51.50044667,BTC
2013-03-19 05:11:59,0.11067939,51.95820573,BTC
2013-03-19 05:19:09,3.0,51.74029783,BTC
2013-03-19 05:34:20,9.741698399999999,51.3015575,BTC
2013-03-19 05:34:29,9.741698399999999,51.30084039,BTC
2013-03-19 05:34:37,9.741698399999999,51.30107810000001,BTC
2013-03-19 05:34:44,9.741698399999999,51.30053698,BTC
2013-03-19 05:34:51,3.0332063999999996,51.30053698,BTC
2013-03-19 05:54:20,0.00018748,51.99987107,BTC
2013-03-19 05:55:51,0.24980281,51.99951465,BTC
2013-03-19 05:58:43,5.0,52.20015599,BTC
2013-03-19 05:59:05,2.0,52.2,BTC
2013-03-19 06:00:05,0.012966,52.19896,BTC
2013-03-19 06:00:13,0.012966,52.19921186,BTC
2013-03-19 06:00:15,0.012966,52.19921186,BTC
2013-03-19 06:00:23,0.012966,52.19919896,BTC
2013-03-19 06:00:25,0.012966,52.19919896,BTC
2013-03-19 06:01:23,0.012966,52.20101871,BTC
2013-03-19 06:54:32,0.07096812,51.73,BTC
2013-03-19 06:55:11,2.95857881,52.015229999999995,BTC
2013-03-19 06:55:27,0.012,52.17696,BTC
2013-03-19 06:55:29,4.96369931,52.17865,BTC
2013-03-19 06:55:40,1.82903188,51.7300839,BTC
2013-03-19 06:55:41,2.95857881,52.0153239,BTC
2013-03-19 06:56:16,0.1,51.73,BTC
2013-03-19 06:59:36,0.91562992,52.18,BTC
2013-03-19 07:03:05,4.08437008,52.18999,BTC
2013-03-19 07:04:19,25.91562992,52.18,BTC
2013-03-19 07:19:41,2.0,51.6483691,BTC
2013-03-19 07:19:49,5.0,51.64829,BTC
2013-03-19 07:19:52,3.0,51.64845874,BTC
2013-03-19 07:19:54,3.0,51.64845874,BTC
2013-03-19 07:20:04,3.0,51.64845874,BTC
2013-03-19 08:53:23,2.30084585,52.289970000000004,BTC
2013-03-19 08:53:24,1.03215415,52.29,BTC
2013-03-19 08:53:30,3.333,52.29,BTC
2013-03-19 09:52:50,3.51,52.5,BTC
2013-03-19 10:23:53,0.5,53.0,BTC
2013-03-19 10:35:30,0.39617925,53.71895,BTC
2013-03-19 10:37:20,5.89617925,53.71889782,BTC
2013-03-19 10:41:53,5.5520000000000005,53.65994,BTC
2013-03-19 10:41:55,1.3056261999999998,53.66,BTC
2013-03-19 10:49:30,1.0,53.63198962,BTC
2013-03-19 10:50:11,0.2,53.63011187,BTC
2013-03-19 10:59:50,0.33820667,53.407619999999994,BTC
2013-03-19 11:22:51,0.2,53.88500753,BTC
2013-03-19 11:34:30,2.0575943,53.99082548,BTC
2013-03-19 11:35:54,0.4549167000000001,54.1354,BTC
2013-03-19 11:41:29,0.2,54.15976544,BTC
2013-03-19 11:41:33,0.01024042,54.06866544,BTC
2013-03-19 11:41:36,13.0,54.01766544,BTC
2013-03-19 11:41:38,25.01074378,53.99767544,BTC
2013-03-19 11:41:45,0.2,54.16121193,BTC
2013-03-19 11:41:47,0.01024042,54.07011193,BTC
2013-03-19 11:41:50,13.0,54.01911193,BTC
2013-03-19 11:41:52,47.26187628,53.99911193,BTC
2013-03-19 11:41:58,1.17470921,54.15822857,BTC
2013-03-19 11:42:01,9.84843031,54.14918857,BTC
2013-03-19 11:42:04,3.4939999999999998,54.05612857,BTC
2013-03-19 11:42:06,4.78992006,53.99612857,BTC
2013-03-19 11:44:30,1.17470921,54.16046454,BTC
2013-03-19 11:44:37,9.84843031,54.15142454,BTC
2013-03-19 11:44:40,3.4939999999999998,54.05836454,BTC
2013-03-19 11:44:50,0.2,54.15225944,BTC
2013-03-19 11:44:53,0.01024042,54.06115944,BTC
2013-03-19 11:44:55,13.0,54.01015944,BTC
2013-03-19 11:44:59,1.17470921,54.15226944,BTC
2013-03-19 11:45:01,9.84843031,54.14322944,BTC
2013-03-19 11:45:04,3.4939999999999998,54.05016944,BTC
2013-03-19 11:45:09,0.2,54.156149600000006,BTC
2013-03-19 11:45:11,0.01024042,54.0650496,BTC
2013-03-19 11:45:15,2.09048024,54.01404960000001,BTC
2013-03-19 11:50:16,30.0,54.00027235,BTC
2013-03-19 11:59:36,5.0,53.94945597,BTC
2013-03-19 12:02:13,0.13621343,53.90948282,BTC
2013-03-19 12:18:46,1.09442985,53.79,BTC
2013-03-19 12:18:48,23.41557015,53.8,BTC
2013-03-19 12:18:51,25.0,53.8,BTC
2013-03-19 12:31:42,0.1,53.98999,BTC
2013-03-19 12:31:46,0.1,53.991062899999996,BTC
2013-03-19 12:32:01,5.0,53.95,BTC
2013-03-19 12:32:05,5.0,53.95,BTC
2013-03-19 12:32:09,1.0,53.95,BTC
2013-03-19 12:32:50,1.0,53.95,BTC
2013-03-19 12:37:33,1.24293369,53.931000000000004,BTC
2013-03-19 12:45:46,12.0,53.999990000000004,BTC
2013-03-19 12:45:50,1.0,54.00002294,BTC
2013-03-19 12:45:53,1.0,54.00002294,BTC
2013-03-19 12:45:57,1.0,53.999990000000004,BTC
2013-03-19 12:46:06,1.0,53.999990000000004,BTC
2013-03-19 12:46:10,1.0,53.999990000000004,BTC
2013-03-19 12:46:15,0.5,54.5,BTC
2013-03-19 12:49:28,5.1683,54.87003111,BTC
2013-03-19 12:49:31,5.0,54.88903111,BTC
2013-03-19 12:49:32,70.11718951,54.89003111,BTC
2013-03-19 13:40:04,1.82987358,54.64858,BTC
2013-03-19 14:10:30,4.57783371,54.821999999999996,BTC
2013-03-19 14:31:09,0.72448547,54.6976961,BTC
2013-03-19 14:36:40,0.5,55.09995292,BTC
2013-03-19 14:36:42,5.40205348,55.09995292,BTC
2013-03-19 14:36:53,0.24939379,55.149969999999996,BTC
2013-03-19 14:37:02,0.1728,55.179109999999994,BTC
2013-03-19 14:37:14,0.75060621,55.15030756,BTC
2013-03-19 14:41:47,0.99308491,55.53221703,BTC
2013-03-19 14:45:05,0.4,55.534009999999995,BTC
2013-03-19 14:45:07,0.19599778,55.717530000000004,BTC
2013-03-19 14:45:10,0.53770222,55.73,BTC
2013-03-19 14:46:13,0.4,55.54092681,BTC
2013-03-19 14:46:14,0.19599778,55.72444681,BTC
2013-03-19 14:46:16,0.53770222,55.73691681,BTC
2013-03-19 14:49:16,0.61972707,55.70258754,BTC
2013-03-19 14:49:17,0.51397293,55.70259754,BTC
2013-03-19 14:49:54,1.1337,55.7,BTC
2013-03-19 14:50:11,0.61972707,55.70087827,BTC
2013-03-19 14:50:12,0.51397293,55.70088827,BTC
2013-03-19 14:50:28,0.61972707,55.70133439,BTC
2013-03-19 14:50:29,0.51397293,55.70134439,BTC
2013-03-19 14:56:12,1.0,56.0,BTC
2013-03-19 14:56:44,0.5,56.088,BTC
2013-03-19 14:56:50,0.5,56.088,BTC
2013-03-19 14:57:35,0.09696439,56.11999270000001,BTC
2013-03-19 14:57:45,0.09696439,56.11999270000001,BTC
2013-03-19 14:57:55,3.0,56.12,BTC
2013-03-19 14:58:10,3.0,56.12,BTC
2013-03-19 14:58:14,3.0,56.12,BTC
2013-03-19 14:58:26,3.0,56.12,BTC
2013-03-19 14:59:31,0.09696439,56.11999760000001,BTC
2013-03-19 14:59:57,0.09696439,56.11999,BTC
2013-03-19 14:59:59,2.70910683,56.12,BTC
2013-03-19 15:00:20,3.0,56.12,BTC
2013-03-19 15:00:30,3.0,56.12,BTC
2013-03-19 15:00:52,3.0,56.12,BTC
2013-03-19 15:02:28,3.0,56.12223846,BTC
2013-03-19 15:02:38,3.0,56.12004341,BTC
2013-03-19 15:02:48,3.0,56.12004341,BTC
2013-03-19 15:03:00,3.0,56.12,BTC
2013-03-19 15:03:11,3.0,56.12024986,BTC
2013-03-19 15:03:29,3.0,56.12,BTC
2013-03-19 15:03:43,3.0,56.12,BTC
2013-03-19 15:04:01,3.0,56.12,BTC
2013-03-19 15:04:12,3.0,56.12,BTC
2013-03-19 15:06:09,1.0,56.11999,BTC
2013-03-19 15:06:25,1.0,56.11999,BTC
2013-03-19 15:06:34,1.0,56.12,BTC
2013-03-19 15:06:55,2.37445386,56.9,BTC
2013-03-19 15:09:21,1.4899931,56.48865782,BTC
2013-03-19 15:09:29,1.74180264,56.47409408,BTC
2013-03-19 15:09:37,1.7707234,56.46847806,BTC
2013-03-19 15:09:52,1.7707234,56.46847806,BTC
2013-03-19 15:10:33,0.12554614,56.85,BTC
2013-03-19 15:10:58,0.87445386,56.90025154,BTC
2013-03-19 15:11:08,0.12554614,56.85027094,BTC
2013-03-19 15:11:35,0.87445386,56.90475738,BTC
2013-03-19 15:11:48,0.87445386,56.92039029,BTC
2013-03-19 15:11:52,0.5,57.97402439,BTC
2013-03-19 15:11:54,0.5,57.97236321,BTC
2013-03-19 15:16:50,0.5,60.9406458,BTC
2013-03-19 15:16:54,100.0,60.9406458,BTC
2013-03-19 15:16:56,1.0,60.9406458,BTC
2013-03-19 15:16:59,0.5,60.94574833,BTC
2013-03-19 15:17:02,0.5,60.94574833,BTC
2013-03-19 15:17:05,0.5,60.94574833,BTC
2013-03-19 15:24:15,1.0,59.0,BTC
2013-03-19 15:24:20,5.0,57.91668293,BTC
2013-03-19 15:31:46,1.68454114,57.90642031,BTC
2013-03-19 16:02:51,1.0283,58.00003,BTC
2013-03-19 16:02:55,13.5,58.0,BTC
2013-03-19 16:25:09,0.2,56.58366704,BTC
2013-03-19 16:25:29,12.0,56.58372575,BTC
2013-03-19 16:25:29,9.650196099999999,56.49375575,BTC
2013-03-19 16:25:29,5.3088,56.49374575,BTC
2013-03-19 16:25:29,18.25592629,56.49372575,BTC
2013-03-19 16:25:29,1.0,56.41422575,BTC
2013-03-19 16:25:30,0.082081,56.39862575,BTC
2013-03-19 16:25:30,1.0,56.31422575,BTC
2013-03-19 16:25:30,0.2,56.31372575,BTC
2013-03-19 16:25:30,1.17605752,56.28820575,BTC
2013-03-19 16:25:30,21.2748,56.24372575,BTC
2013-03-19 16:25:30,15.25,56.23372575,BTC
2013-03-19 16:25:30,1.0,56.21422575,BTC
2013-03-19 16:25:31,13.80213909,56.14472575,BTC
2013-03-19 16:25:32,12.0,56.57922356,BTC
2013-03-19 16:25:34,5.3088,56.48924356,BTC
2013-03-19 16:25:34,1.0,56.40972356,BTC
2013-03-19 16:25:34,1.0,56.30972356,BTC
2013-03-19 16:25:35,1.17605752,56.28370356,BTC
2013-03-19 16:25:35,15.25,56.22922356,BTC
2013-03-19 16:25:35,13.80213909,56.14022356,BTC
2013-03-19 16:25:38,12.0,56.57922356,BTC
2013-03-19 16:25:38,5.3088,56.48924356,BTC
2013-03-19 16:25:38,1.0,56.40972356,BTC
2013-03-19 16:25:39,1.0,56.30972356,BTC
2013-03-19 16:25:39,1.17605752,56.28370356,BTC
2013-03-19 16:25:39,15.25,56.22922356,BTC
2013-03-19 16:25:39,13.80213909,56.14022356,BTC
2013-03-19 16:25:41,12.0,56.58244029,BTC
2013-03-19 16:25:41,5.3088,56.49246029,BTC
2013-03-19 16:25:41,1.0,56.41294029,BTC
2013-03-19 16:25:41,1.0,56.31294029,BTC
2013-03-19 16:25:42,1.17605752,56.28692029,BTC
2013-03-19 16:25:42,15.25,56.23244029,BTC
2013-03-19 16:25:42,13.80213909,56.14344029,BTC
2013-03-19 16:25:45,1.0,56.58244029,BTC
2013-03-19 16:25:48,12.0,56.579860499999995,BTC
2013-03-19 16:25:50,5.3088,56.48988050000001,BTC
2013-03-19 16:25:50,1.0,56.410360499999996,BTC
2013-03-19 16:25:50,1.0,56.3103605,BTC
2013-03-19 16:25:50,1.17605752,56.284340500000006,BTC
2013-03-19 16:25:50,15.25,56.2298605,BTC
2013-03-19 16:25:51,13.80213909,56.140860499999995,BTC
2013-03-19 16:25:56,12.0,56.58104325,BTC
2013-03-19 16:25:57,9.650196099999999,56.49107325,BTC
2013-03-19 16:25:59,5.3088,56.49106325,BTC
2013-03-19 16:26:02,9.650196099999999,56.49107325,BTC
2013-03-19 16:26:02,18.25592629,56.49104325,BTC
2013-03-19 16:26:05,0.082081,56.39594325,BTC
2013-03-19 16:26:08,0.2,56.31104325,BTC
2013-03-19 16:26:10,21.2748,56.24104325,BTC
2013-03-19 16:26:11,1.0,56.21154325,BTC
2013-03-19 16:26:14,12.0,56.58059872,BTC
2013-03-19 16:26:15,9.650196099999999,56.49062872,BTC
2013-03-19 16:26:15,5.3088,56.49061872,BTC
2013-03-19 16:26:15,18.25592629,56.49059872,BTC
2013-03-19 16:26:15,1.0,56.41109872,BTC
2013-03-19 16:26:15,0.082081,56.39549872,BTC
2013-03-19 16:26:15,1.0,56.31109872,BTC
2013-03-19 16:26:15,0.2,56.31059872,BTC
2013-03-19 16:26:15,1.17605752,56.28507872,BTC
2013-03-19 16:26:15,21.2748,56.24059872,BTC
2013-03-19 16:26:16,15.25,56.23059872,BTC
2013-03-19 16:26:16,1.0,56.21109872,BTC
2013-03-19 16:26:16,13.80213909,56.14159872,BTC
2013-03-19 16:26:20,12.0,56.58059872,BTC
2013-03-19 16:26:20,5.3088,56.49061872,BTC
2013-03-19 16:26:24,12.0,56.58102439,BTC
2013-03-19 16:26:26,9.650196099999999,56.49105439,BTC
2013-03-19 16:26:28,5.3088,56.49104439,BTC
2013-03-19 16:26:28,18.25592629,56.49102439,BTC
2013-03-19 16:26:29,1.0,56.41152439,BTC
2013-03-19 16:26:31,0.082081,56.39592439,BTC
2013-03-19 16:26:32,1.0,56.31152439,BTC
2013-03-19 16:26:33,0.2,56.31102439,BTC
2013-03-19 16:26:34,1.17605752,56.28550439,BTC
2013-03-19 16:26:34,21.2748,56.24102439,BTC
2013-03-19 16:26:35,15.25,56.23102439,BTC
2013-03-19 16:26:35,1.0,56.21152439,BTC
2013-03-19 16:26:35,13.80213909,56.14202439,BTC
2013-03-19 16:26:38,12.0,56.58102439,BTC
2013-03-19 16:26:43,5.3088,56.49104439,BTC
2013-03-19 16:26:50,1.0,56.41152439,BTC
2013-03-19 16:26:54,1.0,56.31152439,BTC
2013-03-19 16:27:00,1.17605752,56.28550439,BTC
2013-03-19 16:27:06,100.0,56.59,BTC
2013-03-19 16:27:08,98.0,55.42830106,BTC
2013-03-19 16:27:09,100.0,55.43087733,BTC
2013-03-19 16:27:18,27.62923313,55.43087733,BTC
2013-03-19 16:27:31,100.0,55.44270818,BTC
2013-03-19 16:32:15,28.7908,55.02608773,BTC
2013-03-19 16:34:02,2.5,55.03500633,BTC
2013-03-19 16:34:06,28.7908,55.03500633,BTC
2013-03-19 16:34:13,1.0,55.03500633,BTC
2013-03-19 16:34:16,2.6,55.03500633,BTC
2013-03-19 16:34:26,28.7908,55.03492833,BTC
2013-03-19 16:34:32,7.0,55.03492833,BTC
2013-03-19 16:34:41,2.0,55.03521921,BTC
2013-03-19 16:34:52,2.0,55.03381696,BTC
2013-03-19 16:35:01,2.0,55.03588156,BTC
2013-03-19 16:35:10,2.0,55.03444846,BTC
2013-03-19 16:35:18,2.0,55.03333143,BTC
2013-03-19 16:35:27,2.0,55.03057308,BTC
2013-03-19 16:35:37,2.0,55.0304498,BTC
2013-03-19 16:36:00,2.0,55.03743252,BTC
2013-03-19 16:37:39,2.0,55.16927648,BTC
2013-03-19 16:38:05,2.0,55.16971947,BTC
2013-03-19 16:38:10,58.54460669,55.16971947,BTC
2013-03-19 16:38:19,27.10246824,55.51970947,BTC
2013-03-19 16:38:30,6.0,55.47719851,BTC
2013-03-19 16:38:35,8.35292507,55.52719851,BTC
2013-03-19 16:38:51,2.0,55.16902907,BTC
2013-03-19 16:39:17,2.0,55.16368632,BTC
2013-03-19 16:39:31,2.0,55.16397783,BTC
2013-03-19 16:39:41,2.0,55.16256625,BTC
2013-03-19 16:39:45,58.54460669,55.16256625,BTC
2013-03-19 16:39:50,10.45539331,55.51255625,BTC
2013-03-19 16:40:02,10.0,55.15886212,BTC
2013-03-19 16:41:03,2.0,55.16098384,BTC
2013-03-19 16:41:20,2.0,55.13990128,BTC
2013-03-19 16:41:37,2.0,55.15593982,BTC
2013-03-19 16:41:52,2.0,55.16278299,BTC
2013-03-19 16:43:20,1.0,56.0,BTC
2013-03-19 16:43:28,6.68426939,56.58421077,BTC
2013-03-19 16:43:29,0.26028,56.60143077,BTC
2013-03-19 16:43:31,0.4,56.75087077,BTC
2013-03-19 16:43:32,22.65545061,56.80373077,BTC
2013-03-19 16:43:39,5.0,56.54126242,BTC
2013-03-19 16:43:43,0.26028,56.55848242,BTC
2013-03-19 16:44:44,0.26028,56.55320935,BTC
2013-03-19 16:44:51,92.65545061,56.75550935,BTC
2013-03-19 16:47:28,0.2591,55.49557151,BTC
2013-03-19 16:58:36,10.0,56.10114192,BTC
2013-03-19 16:59:19,5.0,56.10035791,BTC
2013-03-19 16:59:58,5.0,56.05948847,BTC
2013-03-19 17:00:25,10.0,56.02559132,BTC
2013-03-19 17:00:40,4.35,56.02554304,BTC
2013-03-19 17:02:02,16.3,56.024969999999996,BTC
2013-03-19 17:02:51,10.0,55.36138026,BTC
2013-03-19 17:03:52,6.0,55.36298711,BTC
2013-03-19 17:04:15,14.0,55.36260987,BTC
2013-03-19 17:06:28,3.3,55.36,BTC
2013-03-19 17:16:19,3.45135,55.2764281,BTC
2013-03-19 17:16:20,6.54865,55.324088100000004,BTC
2013-03-19 17:16:46,2.0,55.1801,BTC
2013-03-19 17:16:48,2.0,55.17,BTC
2013-03-19 17:16:49,2.0,55.17,BTC
2013-03-19 17:16:51,2.0,55.17,BTC
2013-03-19 17:16:53,1.0,55.04,BTC
2013-03-19 17:16:54,2.0,55.04,BTC
2013-03-19 17:16:56,2.0,55.04,BTC
2013-03-19 17:16:58,2.0,55.04,BTC
2013-03-19 17:17:00,2.0,55.04,BTC
2013-03-19 17:17:01,2.0,55.04,BTC
2013-03-19 17:17:03,2.0,55.04,BTC
2013-03-19 17:17:05,2.0,55.04,BTC
2013-03-19 17:17:07,2.0,55.04,BTC
2013-03-19 17:17:08,2.0,55.04,BTC
2013-03-19 17:17:10,2.0,55.04,BTC
2013-03-19 17:17:12,2.0,55.04,BTC
2013-03-19 17:17:14,2.0,55.04,BTC
2013-03-19 17:17:15,2.0,55.04,BTC
2013-03-19 17:17:17,2.0,55.04,BTC
2013-03-19 17:17:19,2.0,55.04,BTC
2013-03-19 17:17:21,2.0,55.04,BTC
2013-03-19 17:17:23,2.0,55.04,BTC
2013-03-19 17:17:24,2.0,55.04,BTC
2013-03-19 17:17:26,2.0,55.04,BTC
2013-03-19 17:17:28,2.0,55.04,BTC
2013-03-19 17:17:30,2.0,55.04,BTC
2013-03-19 17:17:32,2.0,55.04,BTC
2013-03-19 17:17:34,1.87894379,55.474116,BTC
2013-03-19 17:17:34,0.0108,55.464086,BTC
2013-03-19 17:17:34,18.34,55.374136,BTC
2013-03-19 17:17:36,13.009,55.47807981,BTC
2013-03-19 17:17:36,23.135453899999998,55.39807981,BTC
2013-03-19 17:17:36,25.58860231,55.38807981,BTC
2013-03-19 17:18:49,10.0,56.38007752,BTC
2013-03-19 17:19:49,1.0,56.38,BTC
2013-03-19 17:20:34,100.0,56.38,BTC
2013-03-19 17:20:42,100.0,56.38,BTC
2013-03-19 17:22:25,34.29579362,55.5019792,BTC
2013-03-19 17:22:28,23.81685113,55.49137127,BTC
2013-03-19 17:24:23,20.0,55.50348906,BTC
2013-03-19 17:26:45,2.5832,55.49075767,BTC
2013-03-19 17:26:48,0.8,55.49075767,BTC
2013-03-19 17:26:55,5.0,55.49113174,BTC
2013-03-19 17:30:20,11.0,56.33,BTC
2013-03-19 17:31:03,0.010999,56.358959999999996,BTC
2013-03-19 17:31:07,49.53917557,56.3791,BTC
2013-03-19 17:36:46,1.63304895,56.3950019,BTC
2013-03-19 17:36:50,6.21,56.3920219,BTC
2013-03-19 17:38:07,27.41446352,56.64178772,BTC
2013-03-19 17:38:11,0.085,56.67506772,BTC
2013-03-19 17:38:13,0.08346449,56.68390772,BTC
2013-03-19 17:38:16,3.09,56.70178772,BTC
2013-03-19 17:38:20,5.0,56.72178772,BTC
2013-03-19 17:38:22,5.0,56.78178772,BTC
2013-03-19 17:39:17,27.41446352,56.64130967,BTC
2013-03-19 17:39:20,0.085,56.67458967,BTC
2013-03-19 17:39:22,0.08346449,56.68342967,BTC
2013-03-19 17:39:26,3.09,56.70130967,BTC
2013-03-19 17:39:29,5.0,56.72130967,BTC
2013-03-19 17:39:32,4.94134774,56.78130967,BTC
2013-03-19 17:40:40,1.72816425,56.5,BTC
2013-03-19 17:40:46,27.41446352,56.64019303,BTC
2013-03-19 17:40:50,0.085,56.67347303,BTC
2013-03-19 17:40:52,0.08346449,56.68231303,BTC
2013-03-19 17:40:54,3.09,56.70019303,BTC
2013-03-19 17:40:57,5.0,56.72019303,BTC
2013-03-19 17:41:00,4.94134774,56.78019303,BTC
2013-03-19 17:48:31,3.2,57.55,BTC
2013-03-19 17:58:28,0.017006900000000002,57.6500877,BTC
2013-03-19 17:58:31,0.18643973,57.6499877,BTC
2013-03-19 18:11:17,1.0,56.99764142,BTC
2013-03-19 18:12:20,2.0,56.99899589,BTC
2013-03-19 18:26:54,5.0,57.64993603,BTC
2013-03-19 18:42:38,50.0,57.72070176,BTC
2013-03-19 18:50:17,83.12695829,58.0,BTC
2013-03-19 18:50:20,16.04312456,57.55,BTC
2013-03-19 18:50:33,37.57637516,57.5500089,BTC
2013-03-19 19:01:02,1.74985563,57.147569999999995,BTC
2013-03-19 19:01:07,0.08742,56.81001,BTC
2013-03-19 19:01:11,1.76735409,56.581759999999996,BTC
2013-03-19 19:01:16,12.70164901,56.1,BTC
2013-03-19 19:19:15,0.1,56.80143304,BTC
2013-03-19 19:27:33,0.07910063,57.15374882,BTC
2013-03-19 19:27:38,0.0351,57.43008882,BTC
2013-03-19 20:11:22,11.861410800000002,57.89991423,BTC
2013-03-19 20:17:03,9.99,57.93986492,BTC
2013-03-19 20:38:07,1.1111,57.53,BTC
2013-03-19 20:38:58,11.1111,57.53,BTC
2013-03-19 20:39:21,11.1111,57.53,BTC
2013-03-19 20:40:04,5.1234,57.53024851,BTC
2013-03-19 20:41:24,5.1234,57.53,BTC
2013-03-19 20:42:41,5.1234,57.53,BTC
2013-03-19 20:48:06,5.1234,57.93999,BTC
2013-03-19 20:48:25,5.1234,57.94000117,BTC
2013-03-19 20:49:13,5.1234,57.94003251,BTC
2013-03-19 21:07:48,7.0,57.91,BTC
2013-03-19 21:08:19,0.30109842,57.985,BTC
2013-03-19 21:08:20,4.82230158,57.98999,BTC
2013-03-19 21:13:37,3.1234,57.98999,BTC
2013-03-19 21:14:05,93.0,57.98999,BTC
2013-03-19 21:29:50,0.7234,57.71331113,BTC
2013-03-19 22:00:14,1.9708686999999998,57.9651,BTC
2013-03-19 22:00:17,10.40493984,57.98499,BTC
2013-03-19 22:10:25,0.05361538,57.999990000000004,BTC
2013-03-19 22:10:55,0.1185,58.07637,BTC
2013-03-19 22:10:58,1.24151817,58.1,BTC
2013-03-19 22:11:02,1.63771,58.199059999999996,BTC
2013-03-19 22:58:32,0.01152105,58.4,BTC
2013-03-19 23:17:05,0.05923266,58.89498163,BTC
2013-03-19 23:17:06,0.07446734,58.89625163,BTC
2013-03-19 23:17:16,0.1337,58.89599000000001,BTC
2013-03-19 23:17:20,32.3779,58.9,BTC
2013-03-19 23:17:24,0.1337,58.89599000000001,BTC
2013-03-19 23:17:31,0.05923266,58.89480740000001,BTC
2013-03-19 23:17:31,0.07446734,58.896077399999996,BTC
2013-03-19 23:17:40,0.1337,58.89599000000001,BTC
2013-03-19 23:17:50,0.05923266,58.89479259,BTC
2013-03-19 23:17:50,0.07446734,58.89606259,BTC
2013-03-19 23:18:00,0.05923266,58.89471999999999,BTC
2013-03-19 23:18:00,0.07446734,58.89599000000001,BTC
2013-03-19 23:18:27,0.1337,58.9,BTC
2013-03-19 23:18:36,0.05923266,58.894954299999995,BTC
2013-03-19 23:18:37,0.07446734,58.8962243,BTC
2013-03-19 23:18:46,0.05923266,58.894954299999995,BTC
2013-03-19 23:18:47,0.07446734,58.8962243,BTC
2013-03-19 23:19:55,6.49556078,58.700019999999995,BTC
2013-03-19 23:19:55,84.0528346,58.7,BTC
2013-03-19 23:19:57,1.7084736,58.53178000000001,BTC
2013-03-19 23:19:57,7.13707061,58.37001,BTC
2013-03-19 23:19:57,66.48938464,58.32,BTC
2013-03-19 23:20:04,100.0,58.32,BTC
2013-03-19 23:20:10,84.0528346,58.7,BTC
2013-03-19 23:22:49,0.25,58.70001,BTC
2013-03-19 23:23:54,2.687107,59.0,BTC
2013-03-19 23:28:45,9.8175,59.00023494,BTC
2013-03-19 23:29:33,1.0,59.22599869,BTC
2013-03-19 23:29:48,1.0,59.4505412,BTC
2013-03-19 23:30:12,5.34959353,59.22640943,BTC
2013-03-19 23:30:14,8.49037881,59.14987943,BTC
2013-03-19 23:30:20,1.0,59.45037539,BTC
2013-03-19 23:30:59,4.33972,59.45,BTC
2013-03-19 23:33:03,2.16002766,59.22292015,BTC
2013-03-19 23:33:08,3.49037881,59.21389015,BTC
2013-03-19 23:34:48,9.0,59.83592458,BTC
2013-03-19 23:35:48,18.30307144,59.85,BTC
2013-03-19 23:37:00,18.30307144,59.85,BTC
2013-03-19 23:37:08,18.30307144,59.85,BTC
2013-03-19 23:37:14,4.09078568,59.85,BTC
2013-03-19 23:38:20,18.30307144,59.85,BTC
2013-03-19 23:45:09,1.14590832,59.54998000000001,BTC
2013-03-19 23:45:11,31.25397283,59.35,BTC
2013-03-19 23:52:31,1.0,59.64016435,BTC
2013-03-19 23:55:49,40.0,59.833330000000004,BTC
2013-03-19 23:58:21,0.33260558,59.39993828,BTC
2013-03-20 00:16:43,4.7234,59.799,BTC
2013-03-20 00:16:59,4.7234,59.799,BTC
2013-03-20 00:17:32,4.7234,59.799,BTC
2013-03-20 00:17:42,4.7234,59.799,BTC
2013-03-20 00:18:16,4.7234,59.799,BTC
2013-03-20 00:18:22,4.7234,59.79977761,BTC
2013-03-20 00:25:13,0.02130627,59.2812,BTC
2013-03-20 00:30:22,1.50486989,59.11726376,BTC
2013-03-20 00:31:44,1.50486989,59.11729195,BTC
2013-03-20 00:32:29,1.50486989,59.11783875,BTC
2013-03-20 00:53:57,0.33142405,59.39999531,BTC
2013-03-20 00:57:47,6.0,59.13,BTC
2013-03-20 00:59:17,36.08814206,59.50007588,BTC
2013-03-20 00:59:20,0.01189999,59.77001588,BTC
2013-03-20 00:59:22,10.0,59.78007588,BTC
2013-03-20 00:59:24,1.0,59.89007588,BTC
2013-03-20 00:59:27,5.0,59.9,BTC
2013-03-20 00:59:29,0.25,59.90536588,BTC
2013-03-20 00:59:35,0.35713733,59.645830000000004,BTC
2013-03-20 00:59:37,0.03714001,59.77999000000001,BTC
2013-03-20 00:59:39,1.0,59.89,BTC
2013-03-20 00:59:41,11.73071826,59.9,BTC
2013-03-20 00:59:43,30.0,59.91,BTC
2013-03-20 00:59:45,0.1,59.94,BTC
2013-03-20 00:59:47,5.407,59.95,BTC
2013-03-20 00:59:56,0.1,59.121,BTC
2013-03-20 01:02:23,0.1,59.12072476,BTC
2013-03-20 01:02:23,11.0,59.10972476,BTC
2013-03-20 01:02:23,75.54776745,59.09972476,BTC
2013-03-20 01:02:26,11.656174499999999,59.12073476,BTC
2013-03-20 01:02:26,1.69155805,59.11682476,BTC
2013-03-20 01:02:26,0.0045,59.09981476,BTC
2013-03-20 01:17:17,15.66279125,59.39999,BTC
2013-03-20 01:18:38,5.0,59.39999,BTC
2013-03-20 01:19:12,5.0,59.39999,BTC
2013-03-20 01:26:00,0.05021141,59.73999,BTC
2013-03-20 01:27:19,0.05024539,59.66290221,BTC
2013-03-20 01:27:32,0.03715165,59.66293,BTC
2013-03-20 01:27:39,0.75358165,59.71475691,BTC
2013-03-20 01:27:51,1.03460892,59.714830000000006,BTC
2013-03-20 01:28:59,9.94978859,59.74,BTC
2013-03-20 01:29:14,10.0,59.74,BTC
2013-03-20 01:29:22,5.87460873,59.8499,BTC
2013-03-20 01:30:26,0.063,59.400009999999995,BTC
2013-03-20 01:31:03,0.28139459,59.13241,BTC
2013-03-20 01:35:00,1.0,59.8,BTC
2013-03-20 01:38:22,0.0109999,59.868959999999994,BTC
2013-03-20 01:38:25,7.9760002000000005,59.87,BTC
2013-03-20 01:42:15,0.84033599,59.49917268,BTC
2013-03-20 01:43:34,1.1801,59.49763787,BTC
2013-03-20 01:59:23,4.68017887,59.83999,BTC
2013-03-20 01:59:26,2.79122114,59.85,BTC
2013-03-20 01:59:29,6.5394578,59.87,BTC
2013-03-20 01:59:32,59.44218670000001,59.84,BTC
2013-03-20 02:01:13,3.60282114,59.85097761,BTC
2013-03-20 02:01:18,8.48887489,59.86097761,BTC
2013-03-20 02:01:56,8.0,59.84,BTC
2013-03-20 02:04:58,0.44800161,59.8999,BTC
2013-03-20 02:07:30,4.55199839,59.9,BTC
2013-03-20 02:08:37,0.44800161,59.89993671,BTC
2013-03-20 02:08:38,5.55199839,59.90003671,BTC
2013-03-20 02:09:33,0.12524156,59.97999,BTC
2013-03-20 02:09:34,5.87475844,59.98,BTC
2013-03-20 02:12:30,0.12524156,59.97999,BTC
2013-03-20 02:13:39,0.12524156,59.97999,BTC
2013-03-20 02:20:16,30.0,60.01,BTC
2013-03-20 02:27:10,0.043,60.172219999999996,BTC
2013-03-20 02:27:13,14.877,60.5999,BTC
2013-03-20 02:59:49,6.0,59.84543000000001,BTC
2013-03-20 03:00:10,6.0,59.84543000000001,BTC
2013-03-20 03:14:46,0.06618221,60.02423443,BTC
2013-03-20 03:14:51,0.20649062,60.01951443,BTC
2013-03-20 03:15:08,1.22931746,60.05457618,BTC
2013-03-20 03:15:10,0.25,60.08547618,BTC
2013-03-20 03:15:12,1.22933159,60.15467618,BTC
2013-03-20 03:15:14,0.01,60.21027618,BTC
2013-03-20 03:15:16,0.25,60.26592618,BTC
2013-03-20 03:15:21,9.42371941,60.02490382,BTC
2013-03-20 03:15:36,0.06618221,60.025166299999995,BTC
2013-03-20 03:15:39,0.20649062,60.020446299999996,BTC
2013-03-20 03:15:52,0.06618221,60.02519,BTC
2013-03-20 03:15:57,0.20649062,60.020469999999996,BTC
2013-03-20 03:20:57,3.0,60.28,BTC
2013-03-20 03:21:00,1.0,60.28,BTC
2013-03-20 03:21:04,1.0,60.28,BTC
2013-03-20 03:21:15,1.0,60.28100192,BTC
2013-03-20 03:21:21,1.0,60.2804387,BTC
2013-03-20 03:21:34,5.0,60.28074141,BTC
2013-03-20 03:27:15,5.0,60.30027407,BTC
2013-03-20 03:37:08,34.64183354,60.34,BTC
2013-03-20 03:44:54,0.99,60.24686,BTC
2013-03-20 03:47:03,0.01,60.24685,BTC
2013-03-20 03:47:06,3.50474676,60.35,BTC
2013-03-20 03:57:29,3.77430356,60.48441999999999,BTC
2013-03-20 03:57:32,0.25,60.50709000000001,BTC
2013-03-20 03:57:34,0.25,60.5676,BTC
2013-03-20 03:57:36,4.00517,60.62217,BTC
2013-03-20 03:57:38,0.079,60.6397,BTC
2013-03-20 03:57:41,7.39386065,60.68,BTC
2013-03-20 04:03:38,0.09751997,60.60424379,BTC
2013-03-20 04:03:44,1.0,60.671347399999995,BTC
2013-03-20 04:03:51,0.09751997,60.601347399999995,BTC
2013-03-20 04:03:56,1.0,60.67,BTC
2013-03-20 04:04:02,20.60992012,60.68,BTC
2013-03-20 04:04:51,15.0,60.68,BTC
2013-03-20 04:05:52,1.0,60.3997,BTC
2013-03-20 04:06:46,1.0,60.3997,BTC
2013-03-20 04:09:58,1.0,60.3997,BTC
2013-03-20 04:15:05,0.09685426,59.00992101,BTC
2013-03-20 04:25:04,6.0,59.11254899,BTC
2013-03-20 04:30:31,0.31917296,59.99973101,BTC
2013-03-20 04:30:33,5.80088019,59.49993101,BTC
2013-03-20 04:30:36,3.21507,59.23187101,BTC
2013-03-20 04:30:39,0.07600069,59.14101101,BTC
2013-03-20 04:30:42,6.89994056,59.09992101,BTC
2013-03-20 04:45:11,8.33873108,60.0,BTC
2013-03-20 05:04:50,12.0079,59.59976733,BTC
2013-03-20 05:04:52,0.085,59.51958733,BTC
2013-03-20 05:04:57,13.83905613,59.45396733,BTC
2013-03-20 05:05:00,12.5,59.39777733,BTC
2013-03-20 05:05:04,0.079452,59.27976733,BTC
2013-03-20 05:05:07,3.52535,59.23169733,BTC
2013-03-20 05:05:11,1.24312294,59.15395733,BTC
2013-03-20 05:05:14,1.69155805,59.11685733,BTC
2013-03-20 05:05:18,0.255,59.06008733,BTC
2013-03-20 05:05:22,1.62736066,59.00998733,BTC
2013-03-20 05:47:08,13.82771796,59.09519723,BTC
2013-03-20 05:50:33,42.0,59.05024334,BTC
2013-03-20 06:03:51,0.99969694,58.89001,BTC
2013-03-20 06:03:51,0.06949,58.8,BTC
2013-03-20 06:03:52,3.24723,58.64549,BTC
2013-03-20 06:03:52,0.03900034,58.52109,BTC
2013-03-20 06:03:52,0.07600069,58.50019,BTC
2013-03-20 06:03:52,6.74656645,58.50011,BTC
2013-03-20 06:03:52,17.44615949,58.5,BTC
2013-03-20 06:03:55,0.99969694,58.88935393,BTC
2013-03-20 06:03:55,0.06949,58.79934393,BTC
2013-03-20 06:03:55,3.24723,58.64483393,BTC
2013-03-20 06:03:55,0.03900034,58.52043393,BTC
2013-03-20 06:03:55,0.07600069,58.49953393,BTC
2013-03-20 06:03:55,6.74656645,58.49945393,BTC
2013-03-20 06:03:56,17.73116733,58.49934393,BTC
2013-03-20 06:04:07,0.99969694,58.88887789,BTC
2013-03-20 06:04:12,0.06949,58.79886789,BTC
2013-03-20 06:04:16,3.24723,58.64435789,BTC
2013-03-20 06:04:19,0.03900034,58.51995789,BTC
2013-03-20 06:04:22,0.07600069,58.49905789,BTC
2013-03-20 06:04:25,6.74656645,58.49897789,BTC
2013-03-20 06:04:27,49.68615949,58.49886789,BTC
2013-03-20 06:05:03,0.99969694,58.89001,BTC
2013-03-20 06:05:06,0.06949,58.8,BTC
2013-03-20 06:05:09,3.24723,58.64549,BTC
2013-03-20 06:05:11,0.03900034,58.52109,BTC
2013-03-20 06:05:16,0.07600069,58.50019,BTC
2013-03-20 06:05:19,6.74656645,58.50011,BTC
2013-03-20 06:05:40,1.2368649,58.4539,BTC
2013-03-20 06:20:29,1.49076034,58.3581,BTC
2013-03-20 06:20:43,0.37461504,58.35861441,BTC
2013-03-20 06:20:50,7.13462462,58.35814211,BTC
2013-03-20 06:26:47,1.0,58.0,BTC
2013-03-20 06:26:50,1.0,58.0,BTC
2013-03-20 06:27:01,4.0,58.09,BTC
2013-03-20 06:27:04,2.5,58.03,BTC
2013-03-20 06:30:33,5.5,57.702009999999994,BTC
2013-03-20 06:30:35,4.0,57.702009999999994,BTC
2013-03-20 06:35:45,5.48145947,57.9,BTC
2013-03-20 06:36:12,0.083,58.06378,BTC
2013-03-20 06:36:12,7.0,58.29,BTC
2013-03-20 06:36:12,23.25879509,58.35984000000001,BTC
2013-03-20 06:36:20,1.22331578,58.6537,BTC
2013-03-20 06:36:21,1.22333051,58.7537,BTC
2013-03-20 06:36:22,1.22334519,58.8537,BTC
2013-03-20 06:36:23,1.69822276,58.88509000000001,BTC
2013-03-20 06:36:25,0.05493056,58.892269999999996,BTC
2013-03-20 06:36:25,1.22335982,58.9537,BTC
2013-03-20 06:36:26,9.0,58.96,BTC
2013-03-20 06:36:26,0.0956541,58.9997,BTC
2013-03-20 06:36:26,4.20091029,59.0,BTC
2013-03-20 06:38:04,6.39290408,57.80017498,BTC
2013-03-20 06:38:13,5.48145947,57.9,BTC
2013-03-20 06:38:31,5.48145947,57.90013952,BTC
2013-03-20 06:38:35,2.06803196,57.80012952,BTC
2013-03-20 06:38:38,6.39290408,57.80012952,BTC
2013-03-20 06:38:48,5.48145947,57.90028937,BTC
2013-03-20 06:39:15,6.39290408,57.79999,BTC
2013-03-20 06:39:18,14.18324094,58.0,BTC
2013-03-20 06:39:21,6.39290408,57.80006983,BTC
2013-03-20 06:48:54,1.17600075,58.53179,BTC
2013-03-20 06:48:56,3.11552565,58.51,BTC
2013-03-20 06:55:44,25.0,58.62,BTC
2013-03-20 06:56:32,100.0,58.61996177,BTC
2013-03-20 06:56:33,13.55505869,58.61996177,BTC
2013-03-20 06:57:40,100.0,58.62,BTC
2013-03-20 06:58:25,45.97,58.61989311,BTC
2013-03-20 07:08:02,0.02248066,58.56997316,BTC
2013-03-20 07:26:56,2.05548021,58.53045876,BTC
2013-03-20 07:26:58,0.5,58.53044876,BTC
2013-03-20 07:27:05,2.05548021,58.53059884,BTC
2013-03-20 07:27:06,0.5,58.53058884,BTC
2013-03-20 07:27:14,2.05548021,58.53059884,BTC
2013-03-20 07:27:15,0.5,58.53058884,BTC
2013-03-20 07:27:23,2.05548021,58.53014892,BTC
2013-03-20 07:27:24,0.5,58.53013892,BTC
2013-03-20 07:27:29,0.00067811,58.5,BTC
2013-03-20 07:47:22,1.29405649,58.0,BTC
2013-03-20 07:47:47,1.29405649,58.0016155,BTC
2013-03-20 07:47:50,10.0,57.99910795,BTC
2013-03-20 07:47:55,1.29405649,58.00010795,BTC
2013-03-20 07:47:57,10.0,57.99910795,BTC
2013-03-20 07:48:28,1.01,58.1,BTC
2013-03-20 07:48:43,10.0,57.99908542,BTC
2013-03-20 07:48:48,1.29405649,58.00008542,BTC
2013-03-20 07:48:57,0.5,57.998999999999995,BTC
2013-03-20 07:49:00,1.0,57.998999999999995,BTC
2013-03-20 07:49:03,10.0,57.99946591,BTC
2013-03-20 07:49:12,6.33349159,57.99946591,BTC
2013-03-20 07:49:17,0.3,57.998999999999995,BTC
2013-03-20 07:49:25,0.1,57.998999999999995,BTC
2013-03-20 07:49:28,0.1,57.998999999999995,BTC
2013-03-20 07:51:39,2.0,58.0,BTC
2013-03-20 07:52:46,7.19684793,58.2,BTC
2013-03-20 08:25:57,10.0,59.00001999999999,BTC
2013-03-20 08:30:59,9.0,59.100019999999994,BTC
2013-03-20 08:51:13,0.1,59.34940936,BTC
2013-03-20 08:51:17,4.529646,59.34940936,BTC
2013-03-20 08:51:21,4.470354,59.34781891,BTC
2013-03-20 08:51:23,4.529646,59.34781891,BTC
2013-03-20 08:51:29,4.470354,59.34969635,BTC
2013-03-20 09:52:36,0.26655462,59.5,BTC
2013-03-20 11:27:46,24.0,59.0,BTC
2013-03-20 11:27:46,12.82950777,58.975,BTC
2013-03-20 11:27:46,16.0,58.91,BTC
2013-03-20 11:27:46,0.5,58.81,BTC
2013-03-20 11:49:41,0.7587308,59.4,BTC
2013-03-20 12:06:13,1.0,59.49,BTC
2013-03-20 12:09:42,1.2,59.51,BTC
2013-03-20 12:12:12,0.5,59.51,BTC
2013-03-20 13:12:21,23.35825032,59.06001,BTC
2013-03-20 13:12:48,23.35825032,59.06014575,BTC
2013-03-20 13:12:52,3.28349936,59.06014575,BTC
2013-03-20 13:42:58,20.0,59.19651137,BTC
2013-03-20 14:54:41,0.2,59.8,BTC
2013-03-20 14:54:46,0.2,59.8,BTC
2013-03-20 14:54:54,1.0,59.8,BTC
2013-03-20 14:54:58,0.2,59.8,BTC
2013-03-20 14:55:19,1.0,59.8,BTC
2013-03-20 14:55:34,1.0,59.8,BTC
2013-03-20 14:55:45,1.0,59.8,BTC
2013-03-20 14:56:31,1.0,59.81289,BTC
2013-03-20 14:57:51,9.0,59.89,BTC
2013-03-20 14:59:29,0.1337,59.9,BTC
2013-03-20 14:59:39,0.1337,59.9,BTC
2013-03-20 14:59:47,0.1337,59.9,BTC
2013-03-20 15:02:56,0.2,59.98,BTC
2013-03-20 15:03:11,8.8,59.99178555,BTC
2013-03-20 15:03:15,0.2,59.98156337,BTC
2013-03-20 15:03:22,8.8,59.99156337,BTC
2013-03-20 15:21:47,2.58511507,59.900009999999995,BTC
2013-03-20 15:43:39,0.9757018,59.87806338,BTC
2013-03-20 15:43:42,5.31969907,59.93246338,BTC
2013-03-20 15:47:55,8.6814087,61.021,BTC
2013-03-20 15:47:57,0.9757018,59.8056,BTC
2013-03-20 15:48:02,100.0,61.021,BTC
2013-03-20 15:48:06,1.38195871,61.27606,BTC
2013-03-20 15:48:08,0.25,61.359719999999996,BTC
2013-03-20 15:48:10,0.40353,61.473819999999996,BTC
2013-03-20 15:48:12,0.25,61.54398000000001,BTC
2013-03-20 15:48:18,9.0,61.55,BTC
2013-03-20 15:48:21,0.25,61.66713000000001,BTC
2013-03-20 15:48:23,0.25,61.7288,BTC
2013-03-20 15:48:25,0.25,61.790530000000004,BTC
2013-03-20 15:48:27,0.15564594,61.871340000000004,BTC
2013-03-20 15:48:30,5.51496578,61.8997,BTC
2013-03-20 15:48:33,1.38195871,61.27670731,BTC
2013-03-20 15:48:36,0.25,61.36036731,BTC
2013-03-20 15:48:38,0.40353,61.47446731,BTC
2013-03-20 15:48:39,0.25,61.54462731,BTC
2013-03-20 15:48:41,0.25,61.66777731,BTC
2013-03-20 15:48:43,0.25,61.72944731,BTC
2013-03-20 15:48:45,0.25,61.79117731,BTC
2013-03-20 15:48:48,0.15564594,61.87198731,BTC
2013-03-20 15:48:50,0.66975636,61.8997,BTC
2013-03-20 15:48:54,3.81527786,61.8997,BTC
2013-03-20 15:48:56,0.25,61.97608,BTC
2013-03-20 15:48:58,3.40922967,62.0,BTC
2013-03-20 15:49:04,0.05972071,61.29874683,BTC
2013-03-20 15:49:06,0.25,61.42140683,BTC
2013-03-20 15:49:09,0.25,61.48282683,BTC
2013-03-20 15:49:12,0.25,61.60584683,BTC
2013-03-20 15:49:14,0.09338756,61.72284683,BTC
2013-03-20 15:49:16,0.3702,61.78151683,BTC
2013-03-20 15:49:18,0.25,61.85264683,BTC
2013-03-20 15:49:21,1.61580072,61.88914683,BTC
2013-03-20 15:49:25,0.25,61.97640683,BTC
2013-03-20 15:49:34,0.05972071,61.29874683,BTC
2013-03-20 15:49:37,0.25,61.42140683,BTC
2013-03-20 15:49:38,0.25,61.48282683,BTC
2013-03-20 15:49:40,0.25,61.60584683,BTC
2013-03-20 15:49:42,0.09338756,61.72284683,BTC
2013-03-20 15:49:44,0.3702,61.78151683,BTC
2013-03-20 15:49:46,0.25,61.85264683,BTC
2013-03-20 15:49:48,1.61580072,61.88914683,BTC
2013-03-20 15:49:50,0.25,61.97640683,BTC
2013-03-20 15:49:59,1.38195871,61.29368606,BTC
2013-03-20 15:50:01,0.25,61.37734606,BTC
2013-03-20 15:50:03,0.40353,61.49144606,BTC
2013-03-20 15:50:04,0.25,61.56160606,BTC
2013-03-20 15:50:06,0.25,61.68475606,BTC
2013-03-20 15:50:08,0.25,61.74642606,BTC
2013-03-20 15:50:10,0.25,61.80815606,BTC
2013-03-20 15:50:12,0.15564594,61.88896606,BTC
2013-03-20 15:50:14,0.25,61.93179606,BTC
2013-03-20 15:50:25,0.05972071,61.34887484,BTC
2013-03-20 15:50:26,0.25,61.47153484,BTC
2013-03-20 15:50:28,0.25,61.53295484,BTC
2013-03-20 15:50:30,0.25,61.65597484,BTC
2013-03-20 15:50:32,0.09338756,61.77297484,BTC
2013-03-20 15:50:34,0.3702,61.83164484,BTC
2013-03-20 15:50:35,0.25,61.90277484,BTC
2013-03-20 15:50:37,1.61580072,61.93927484,BTC
2013-03-20 15:50:47,1.38195871,61.32862865,BTC
2013-03-20 15:50:49,0.25,61.41228865,BTC
2013-03-20 15:50:52,0.40353,61.52638865,BTC
2013-03-20 15:50:54,0.25,61.59654865,BTC
2013-03-20 15:50:56,0.25,61.71969865,BTC
2013-03-20 15:50:58,0.25,61.78136865,BTC
2013-03-20 15:51:01,0.25,61.84309865,BTC
2013-03-20 15:51:03,0.15564594,61.92390865,BTC
2013-03-20 15:51:05,0.25,61.96673865,BTC
2013-03-20 15:51:08,1.38195871,61.28618177,BTC
2013-03-20 15:51:11,0.25,61.36984177,BTC
2013-03-20 15:51:13,0.40353,61.48394177,BTC
2013-03-20 15:51:15,0.25,61.55410177,BTC
2013-03-20 15:51:16,0.25,61.67725177,BTC
2013-03-20 15:51:19,0.25,61.73892177,BTC
2013-03-20 15:51:21,0.25,61.80065177,BTC
2013-03-20 15:51:23,0.15564594,61.88146177,BTC
2013-03-20 15:51:25,0.25,61.92429177,BTC
2013-03-20 15:51:30,0.05972071,61.29841999999999,BTC
2013-03-20 15:51:32,0.25,61.42108,BTC
2013-03-20 15:51:34,0.25,61.4825,BTC
2013-03-20 15:51:36,0.25,61.60552,BTC
2013-03-20 15:51:39,0.09338756,61.722519999999996,BTC
2013-03-20 15:51:43,0.3702,61.78119,BTC
2013-03-20 15:51:45,0.25,61.85232,BTC
2013-03-20 15:51:47,1.61580072,61.888819999999996,BTC
2013-03-20 15:51:48,0.25,61.97608,BTC
2013-03-20 15:51:53,3.24866172,62.0,BTC
2013-03-20 15:51:56,1.38195871,61.27630152,BTC
2013-03-20 15:51:58,0.25,61.35996152,BTC
2013-03-20 15:52:00,0.40353,61.47406152,BTC
2013-03-20 15:52:02,0.25,61.54422152,BTC
2013-03-20 15:52:04,0.25,61.66737152,BTC
2013-03-20 15:52:07,0.25,61.72904152,BTC
2013-03-20 15:52:09,0.25,61.79077152,BTC
2013-03-20 15:52:11,0.15564594,61.87158152,BTC
2013-03-20 15:52:12,0.25,61.91441152,BTC
2013-03-20 15:52:31,1.38195871,61.27606,BTC
2013-03-20 15:52:33,0.25,61.359719999999996,BTC
2013-03-20 15:52:35,0.40353,61.473819999999996,BTC
2013-03-20 15:52:37,0.25,61.54398000000001,BTC
2013-03-20 15:53:06,9.49537321,62.0,BTC
2013-03-20 15:53:14,1.0,62.0,BTC
2013-03-20 15:54:12,9.49537321,62.0,BTC
2013-03-20 15:55:18,2.88479058,61.999959999999994,BTC
2013-03-20 15:56:23,9.49537321,62.0,BTC
2013-03-20 15:57:25,2.88479058,61.999959999999994,BTC
2013-03-20 16:13:03,1.0,62.88,BTC
2013-03-20 16:13:26,4.32441958,64.89653045,BTC
2013-03-20 16:13:27,0.25,64.89678045,BTC
2013-03-20 16:13:30,5.0,64.90470045,BTC
2013-03-20 16:13:31,5.0,64.92470045,BTC
2013-03-20 16:13:33,2.0,64.95470045,BTC
2013-03-20 16:13:34,0.25,64.96167045,BTC
2013-03-20 16:13:37,18.46668534,64.98470045,BTC
2013-03-20 16:13:37,9.87654321,64.99235045,BTC
2013-03-20 16:13:37,2.5,64.99240045,BTC
2013-03-20 16:13:39,8.9,64.99358045,BTC
2013-03-20 16:13:41,10.0,64.99370045,BTC
2013-03-20 16:13:41,3.0,64.99469045,BTC
2013-03-20 16:13:43,25.0,64.99470045,BTC
2013-03-20 16:13:46,0.5,65.0,BTC
2013-03-20 16:13:51,1.5292542,64.889,BTC
2013-03-20 16:13:58,1.62558042,64.95033161,BTC
2013-03-20 16:14:05,0.14138734,64.88688068,BTC
2013-03-20 16:14:30,3.0,64.89321195,BTC
2013-03-20 16:15:30,25.0,64.88898163,BTC
2013-03-20 16:18:05,7.37996525,63.01,BTC
2013-03-20 16:18:13,2.62003475,63.01042278,BTC
2013-03-20 16:23:10,0.62,63.01162664,BTC
2013-03-20 16:23:19,0.0426,63.629580000000004,BTC
2013-03-20 16:30:16,35.866,63.8,BTC
2013-03-20 16:31:47,1.0,63.79998364,BTC
2013-03-20 16:32:14,4.1339999999999995,63.79998000000001,BTC
2013-03-20 16:32:48,5.8660000000000005,63.80009696,BTC
2013-03-20 16:43:11,1.18707296,64.40109504,BTC
2013-03-20 16:43:13,28.81292704,64.40118504,BTC
2013-03-20 16:44:04,1.18707296,64.4002076,BTC
2013-03-20 16:44:14,1.18707296,64.39995293,BTC
2013-03-20 16:44:22,1.18707296,64.39995293,BTC
2013-03-20 16:44:34,1.18707296,64.4001864,BTC
2013-03-20 16:47:30,0.3,64.40039388,BTC
2013-03-20 16:51:34,1.33244196,64.25316966,BTC
2013-03-20 16:51:37,1.33244196,64.25316966,BTC
2013-03-20 16:51:40,1.33244196,64.25316966,BTC
2013-03-20 16:51:47,1.33244196,64.25242559,BTC
2013-03-20 16:51:50,1.33244196,64.25242559,BTC
2013-03-20 16:51:54,1.33244196,64.25242559,BTC
2013-03-20 16:52:15,1.33244196,64.25214,BTC
2013-03-20 16:52:20,1.33244196,64.25226629999999,BTC
2013-03-20 16:52:22,1.33244196,64.25236014,BTC
2013-03-20 16:52:24,1.33244196,64.25236014,BTC
2013-03-20 16:52:56,1.33244196,64.25232395,BTC
2013-03-20 16:52:59,1.33244196,64.25232395,BTC
2013-03-20 16:53:15,1.0,63.99506071,BTC
2013-03-20 16:53:21,5.0,63.78,BTC
2013-03-20 16:54:40,0.9,63.995,BTC
2013-03-20 16:55:34,10.0,63.995,BTC
2013-03-20 16:55:59,1.55821111,63.78,BTC
2013-03-20 16:56:07,3.82566618,63.77974141,BTC
2013-03-20 16:56:14,0.15423579,63.78,BTC
2013-03-20 16:56:21,0.4956098,63.78,BTC
2013-03-20 16:56:40,0.78394534,63.77995699,BTC
2013-03-20 16:56:41,82.24968861,63.77995699,BTC
2013-03-20 16:56:41,3.08409802,63.70995699,BTC
2013-03-20 16:56:47,40.20879243,63.77885919,BTC
2013-03-20 16:57:18,10.0,63.995307999999994,BTC
2013-03-20 16:57:56,5.0,63.78,BTC
2013-03-20 16:58:47,5.0,63.71,BTC
2013-03-20 16:59:19,0.5,63.71,BTC
2013-03-20 17:07:54,3.0,63.480019999999996,BTC
2013-03-20 18:19:17,31.1155011,63.49976054,BTC
2013-03-20 18:57:36,2.7815,63.4784572,BTC
2013-03-20 18:59:39,2.5,63.38073281,BTC
2013-03-20 19:00:05,2.5,63.38021704,BTC
2013-03-20 19:00:14,2.5,63.38,BTC
2013-03-20 19:00:23,2.5,63.38,BTC
2013-03-20 19:00:36,2.5,63.38013009,BTC
2013-03-20 19:00:45,2.5,63.380063,BTC
2013-03-20 19:00:55,2.5,63.380295200000006,BTC
2013-03-20 19:44:11,0.09,63.50290492,BTC
2013-03-20 19:50:19,1.25,63.99022181,BTC
2013-03-20 20:03:41,0.2,63.998999999999995,BTC
2013-03-20 20:03:42,3.1,63.99,BTC
2013-03-20 20:04:02,1.0,64.36010323,BTC
2013-03-20 20:04:03,4.89325048,64.36010323,BTC
2013-03-20 20:10:23,0.38130334,64.43,BTC
2013-03-20 20:10:45,0.11869666,64.43022936,BTC
2013-03-20 20:14:46,17.8600717,64.4399,BTC
2013-03-20 20:15:12,0.1,64.49011452,BTC
2013-03-20 20:20:43,0.02156885,64.50010999999999,BTC
2013-03-20 20:20:44,0.90060012,64.5001,BTC
2013-03-20 20:24:53,9.59549931,64.85975425,BTC
2013-03-20 20:26:33,30.40450069,64.8769271,BTC
2013-03-20 20:26:36,0.1,64.8670271,BTC
2013-03-20 20:26:57,9.59549931,64.87960088,BTC
2013-03-20 20:27:03,70.40450069,64.89385027,BTC
2013-03-20 20:27:18,0.1,64.87522711,BTC
2013-03-20 20:27:20,9.59549931,64.86106645,BTC
2013-03-20 20:27:28,9.59549931,64.86106567,BTC
2013-03-20 20:27:31,9.59549931,64.86106567,BTC
2013-03-20 20:27:39,5.0,64.86106567,BTC
2013-03-20 20:27:42,9.59549931,64.86106567,BTC
2013-03-20 20:27:55,3.0,64.85503729,BTC
2013-03-20 20:27:59,0.1,64.85446717,BTC
2013-03-20 20:28:01,0.1,64.85446717,BTC
2013-03-20 20:28:15,1.0,64.85,BTC
2013-03-20 20:28:40,0.2,64.85007970000001,BTC
2013-03-20 20:28:54,30.0,64.8599,BTC
2013-03-20 20:29:07,0.04979528,65.93887265,BTC
2013-03-20 20:29:13,9.95020472,65.93886265,BTC
2013-03-20 20:29:16,0.04979528,65.93887265,BTC
2013-03-20 20:29:20,9.95020472,65.93886265,BTC
2013-03-20 20:30:42,0.0013574000000000001,65.93904769,BTC
2013-03-20 20:31:07,0.1,65.98889022,BTC
2013-03-20 20:32:06,0.04979528,65.93810307,BTC
2013-03-20 20:37:44,0.00299231,65.54001,BTC
2013-03-20 20:38:11,0.01233211,65.54001,BTC
2013-03-20 20:38:36,0.00258906,65.54001,BTC
2013-03-20 20:38:54,0.00259384,65.54001,BTC
2013-03-20 20:39:53,1.0,65.5,BTC
2013-03-20 20:44:11,10.0,65.85,BTC
2013-03-20 20:44:19,10.0,65.85,BTC
2013-03-20 20:45:03,14.50563466,65.84992213,BTC
2013-03-20 20:45:05,14.50563466,65.84992213,BTC
2013-03-20 20:45:25,14.50563466,65.85,BTC
2013-03-20 20:45:51,14.50563466,65.84994065,BTC
2013-03-20 20:46:21,14.50563466,65.84971541,BTC
2013-03-20 20:46:26,14.50563466,65.84971541,BTC
2013-03-20 20:46:30,12.96619204,65.85,BTC
2013-03-20 20:47:47,10.0,65.85,BTC
2013-03-20 20:48:01,2.5486426,65.84995449,BTC
2013-03-20 20:48:08,1.0,65.85,BTC
2013-03-20 20:52:03,4.56789,65.87095885,BTC
2013-03-20 20:52:12,4.56789,65.86999,BTC
2013-03-20 20:52:57,4.56789,65.86999,BTC
2013-03-20 20:53:31,4.56789,65.86999,BTC
2013-03-20 20:53:42,4.56789,65.86999,BTC
2013-03-20 20:53:52,4.56789,65.86999,BTC
2013-03-20 20:54:02,4.56789,65.87007872,BTC
2013-03-20 20:54:14,4.56789,65.89782341,BTC
2013-03-20 20:54:16,11.79688217,65.88798659,BTC
2013-03-20 20:54:21,4.56789,65.89785041,BTC
2013-03-20 20:54:31,4.56789,65.8978,BTC
2013-03-20 21:09:43,0.22858873,65.87,BTC
2013-03-20 21:09:43,1.0,65.82938,BTC
2013-03-20 21:09:54,0.22858873,65.86980661,BTC
2013-03-20 21:36:19,31.50433822,65.24902551,BTC
2013-03-20 21:36:21,1.9528,65.09902551,BTC
2013-03-20 21:36:23,33.73390343,65.01132551,BTC
2013-03-20 21:36:31,31.50433822,65.25,BTC
2013-03-20 21:36:33,1.9528,65.1,BTC
2013-03-20 21:36:35,33.73390343,65.0123,BTC
2013-03-20 21:36:45,31.50433822,65.24989155,BTC
2013-03-20 21:36:48,1.9528,65.09989155,BTC
2013-03-20 21:36:55,33.73390343,65.01219155,BTC
2013-03-20 21:37:01,31.50433822,65.24949423,BTC
2013-03-20 21:37:04,1.9528,65.09949423,BTC
2013-03-20 21:37:06,33.73390343,65.01179423,BTC
2013-03-20 21:37:12,31.50433822,65.24999904,BTC
2013-03-20 21:37:15,1.9528,65.09999904,BTC
2013-03-20 21:38:13,0.75579875,65.29,BTC
2013-03-20 21:40:13,4.34433621,65.89999,BTC
2013-03-20 21:43:20,0.7510821999999999,65.7,BTC
2013-03-20 21:44:50,49.0,65.95417263,BTC
2013-03-20 21:45:05,1.0,65.90144191,BTC
2013-03-20 21:46:01,49.0,65.92915394,BTC
2013-03-20 21:46:37,1.0,65.95268882,BTC
2013-03-20 21:53:13,0.162,65.77,BTC
2013-03-20 21:53:57,0.602325,65.75,BTC
2013-03-20 21:53:59,23.232323,65.9,BTC
2013-03-20 21:54:07,0.19732662,65.75,BTC
2013-03-20 21:54:53,6.88,65.72060274,BTC
2013-03-20 21:56:24,20.0,65.7,BTC
2013-03-20 21:57:56,3.0,65.7,BTC
2013-03-20 21:58:05,0.2,65.72,BTC
2013-03-20 21:58:32,19.2489178,65.7,BTC
2013-03-20 21:59:01,0.4,65.69996657,BTC
2013-03-20 21:59:33,2.39,65.71,BTC
2013-03-20 22:01:57,5.0,65.72001,BTC
2013-03-20 22:03:33,0.19735526,65.72001,BTC
2013-03-20 22:04:45,0.0239394,65.43,BTC
2013-03-20 22:09:58,0.45,65.42,BTC
2013-03-20 22:21:22,2.5,65.29,BTC
2013-03-20 22:34:22,0.04420125,65.29,BTC
2013-03-20 22:34:25,14.29135517,65.05199999999999,BTC
2013-03-20 22:37:01,1.98366638,65.02002,BTC
2013-03-20 22:37:05,97.67991434,65.0,BTC
2013-03-20 22:37:56,2.0,65.44078408,BTC
2013-03-20 22:57:57,3.20512009,64.12401,BTC
2013-03-20 23:04:59,5.01216949,64.25,BTC
2013-03-20 23:05:03,2.33190944,64.135,BTC
2013-03-20 23:12:35,15.51784473,63.99053993,BTC
2013-03-20 23:12:41,15.51784473,63.99053993,BTC
2013-03-20 23:12:46,15.51784473,63.99260338,BTC
2013-03-20 23:12:52,15.51784473,63.99647179,BTC
2013-03-20 23:12:56,15.51784473,63.99647179,BTC
2013-03-20 23:13:01,15.51784473,63.99647179,BTC
2013-03-20 23:13:11,34.48215527,64.00554265,BTC
2013-03-20 23:15:11,5.0,63.50830982,BTC
2013-03-20 23:34:37,1.13653899,63.37710712,BTC
2013-03-20 23:34:39,0.28955113,63.37557712,BTC
2013-03-20 23:34:40,0.28047192,63.34558712,BTC
2013-03-20 23:34:42,1.29343796,63.34556712,BTC
2013-03-20 23:42:43,49.0,63.13301027,BTC
2013-03-20 23:43:11,1.7,63.13948413,BTC
2013-03-20 23:43:25,30.0,63.14668382,BTC
2013-03-20 23:49:09,1.7,64.1,BTC
2013-03-20 23:49:57,3.0,63.98763251,BTC
2013-03-20 23:56:22,15.0,63.200109999999995,BTC
2013-03-20 23:56:24,1.3,64.39999,BTC
2013-03-20 23:56:30,2.5,64.4,BTC
2013-03-20 23:56:49,2.74464474,63.200109999999995,BTC
2013-03-20 23:56:50,0.62475752,63.2001,BTC
2013-03-20 23:56:51,3.2815800000000004,63.171440000000004,BTC
2013-03-20 23:56:51,0.11717746,63.14001,BTC
2013-03-20 23:56:51,0.01890069,63.12009000000001,BTC
2013-03-20 23:56:51,0.01646198,63.11209,BTC
2013-03-20 23:56:53,1.0,63.1,BTC
2013-03-20 23:56:53,53.57855298,63.09,BTC
2013-03-20 23:56:53,0.05870023,63.058519999999994,BTC
2013-03-20 23:56:53,0.257,63.02474,BTC
2013-03-20 23:56:53,1.26827726,63.0016,BTC
2013-03-20 23:56:53,23.03556478,63.0,BTC
2013-03-20 23:57:06,2.5489178,63.19977207,BTC
2013-03-20 23:57:18,17.45313242,63.19994022,BTC
2013-03-20 23:57:23,77.92638105,63.19994022,BTC
2013-03-20 23:57:26,93.63689308,63.19987903,BTC
2013-03-20 23:57:26,5.7383494000000015,63.19976903,BTC
2013-03-20 23:57:29,93.63689308,63.19987903,BTC
2013-03-20 23:57:31,5.7383494000000015,63.19976903,BTC
2013-03-20 23:57:35,1.7,63.3,BTC
2013-03-20 23:57:51,25.62685075,64.4001849,BTC
2013-03-20 23:57:54,1.25767818,64.40198489999999,BTC
2013-03-20 23:57:58,60.12509282,64.4201849,BTC
2013-03-20 23:58:05,1.43762565,64.39999,BTC
2013-03-20 23:58:08,1.5527526000000005,64.40176,BTC
2013-03-20 23:58:12,10.0,64.41999,BTC
2013-03-20 23:58:38,0.62475752,63.2001,BTC
2013-03-20 23:58:50,1.43762565,64.40043643,BTC
2013-03-21 00:00:00,1.5,63.700019999999995,BTC
2013-03-21 00:00:12,1.5,63.70014799,BTC
2013-03-21 00:00:25,0.1001,64.0,BTC
2013-03-21 00:00:29,0.64297816,64.21999,BTC
2013-03-21 00:00:32,3.6210400000000003,64.33475,BTC
2013-03-21 00:00:36,0.25,64.37527,BTC
2013-03-21 00:00:40,8.7335,64.38,BTC
2013-03-21 00:00:44,1.5527526000000005,64.40176,BTC
2013-03-21 00:00:48,1.5,63.700019999999995,BTC
2013-03-21 00:00:55,1.5,63.700019999999995,BTC
2013-03-21 00:01:03,1.5,63.700019999999995,BTC
2013-03-21 00:01:14,1.5,63.70411524,BTC
2013-03-21 00:01:25,1.5,63.70468057,BTC
2013-03-21 00:01:37,1.5,63.70468057,BTC
2013-03-21 00:01:50,1.5,63.71134028,BTC
2013-03-21 00:01:58,1.5,63.71438333,BTC
2013-03-21 00:02:10,1.5,63.71591861,BTC
2013-03-21 00:02:24,63.36854015,63.71717012,BTC
2013-03-21 00:02:30,0.1001,64.01715012,BTC
2013-03-21 00:02:35,0.64297816,64.23714012,BTC
2013-03-21 00:02:40,3.6210400000000003,64.35190012,BTC
2013-03-21 00:02:51,0.25,64.39242012,BTC
2013-03-21 00:07:41,0.1,64.4,BTC
2013-03-21 00:09:59,10.56459794,64.19199,BTC
2013-03-21 00:10:03,21.02561245,64.21919,BTC
2013-03-21 00:10:06,1.8105200000000001,64.33475,BTC
2013-03-21 00:11:07,0.42283392,64.192,BTC
2013-03-21 00:11:11,0.84566786,64.32,BTC
2013-03-21 00:11:16,15.33076783,64.4,BTC
2013-03-21 00:14:50,0.3,64.19220691,BTC
2013-03-21 00:16:56,0.1,64.4,BTC
2013-03-21 00:17:42,0.1,64.19992349,BTC
2013-03-21 00:26:17,14.4,63.99,BTC
2013-03-21 00:27:47,25.6,63.99,BTC
2013-03-21 00:28:30,25.6,63.99,BTC
2013-03-21 00:28:32,23.2,63.99,BTC
2013-03-21 00:32:42,0.23366758,64.06086142,BTC
2013-03-21 00:32:44,1.835,64.06087142,BTC
2013-03-21 00:33:53,0.23366758,64.06044556,BTC
2013-03-21 00:33:55,0.62899726,64.06045556,BTC
2013-03-21 00:35:13,5.0,63.9415241,BTC
2013-03-21 00:35:24,0.5884764,63.80646878,BTC
2013-03-21 00:35:40,5.0,63.94450411,BTC
2013-03-21 00:35:46,5.0,63.94885446,BTC
2013-03-21 00:36:38,5.0,63.94241465,BTC
2013-03-21 00:36:50,5.0,63.94249972,BTC
2013-03-21 00:37:37,25.0,63.94057169,BTC
2013-03-21 00:38:47,4.5,63.94118796,BTC
2013-03-21 00:47:19,0.5,64.45,BTC
2013-03-21 01:01:04,11.0,64.490038,BTC
2013-03-21 01:04:59,1.7,64.49,BTC
2013-03-21 01:07:09,0.13674316,64.60009142,BTC
2013-03-21 01:09:55,0.86325684,64.6,BTC
2013-03-21 01:12:22,9.44641268,64.85613048,BTC
2013-03-21 01:12:27,2.64165041,64.88211048,BTC
2013-03-21 01:14:02,1.0,64.844,BTC
2013-03-21 01:34:33,5.0,64.94202645,BTC
2013-03-21 01:35:01,5.0,64.942,BTC
2013-03-21 02:02:48,2.266e-05,64.86674271,BTC
2013-03-21 02:02:52,4.96243212,64.74673271,BTC
2013-03-21 02:02:57,0.1243904,64.64621271,BTC
2013-03-21 02:03:57,2.266e-05,64.87001,BTC
2013-03-21 02:04:01,6.7091,65.0,BTC
2013-03-21 02:04:04,1.58177734,64.99936837,BTC
2013-03-21 02:07:30,1.7,64.65511521,BTC
2013-03-21 02:08:24,1.7,64.65552,BTC
2013-03-21 02:10:29,29.34263817,64.01,BTC
2013-03-21 02:10:33,0.65736183,64.01005258,BTC
2013-03-21 02:10:42,5.0,64.0,BTC
2013-03-21 02:13:54,0.1,64.01136558,BTC
2013-03-21 02:30:08,3.0,64.47131186,BTC
2013-03-21 02:40:41,3.11297615,64.42802073,BTC
2013-03-21 02:40:43,0.1001,64.50803073,BTC
2013-03-21 02:40:46,3.29949,64.65549073,BTC
2013-03-21 02:40:49,1.46458687,64.71013073,BTC
2013-03-21 02:40:53,16.88702385,64.4251532,BTC
2013-03-21 02:41:44,3.11297615,64.42111645,BTC
2013-03-21 02:42:35,8.88702385,64.42314439,BTC
2013-03-21 02:42:55,0.52775794,64.42,BTC
2013-03-21 02:43:18,8.88702385,64.4232355,BTC
2013-03-21 02:43:56,3.11297615,64.41999,BTC
2013-03-21 02:45:03,34.88702385,64.42,BTC
2013-03-21 02:45:15,1.557643,64.19891739,BTC
2013-03-21 02:45:24,3.19320026,64.19891739,BTC
2013-03-21 02:45:38,1.1022024,65.12320863,BTC
2013-03-21 02:45:44,0.94959974,65.12319863,BTC
2013-03-21 02:45:47,0.76777544,65.12284361,BTC
2013-03-21 02:45:51,1.1022024,65.12284361,BTC
2013-03-21 02:45:58,0.94959974,65.12283361,BTC
2013-03-21 02:45:59,1.1022024,65.12130773,BTC
2013-03-21 02:46:04,0.94959974,65.12129773,BTC
2013-03-21 02:46:08,1.1022024,65.12188403,BTC
2013-03-21 02:46:16,0.94959974,65.12187403,BTC
2013-03-21 02:46:18,1.0,65.1,BTC
2013-03-21 02:46:21,0.58698476,65.11984829,BTC
2013-03-21 02:46:26,1.1022024,65.12322888,BTC
2013-03-21 02:54:35,73.0,65.3,BTC
2013-03-21 02:55:48,1.0,65.4899,BTC
2013-03-21 03:00:43,22.54065787,65.28896281,BTC
2013-03-21 03:00:50,36.34181891,65.19897281,BTC
2013-03-21 03:08:01,0.1,65.5,BTC
2013-03-21 03:11:10,0.3666531,65.30063172,BTC
2013-03-21 03:26:31,3.92155958,65.8,BTC
2013-03-21 03:26:34,9.77,65.83,BTC
2013-03-21 03:26:37,0.01800034,65.84985999999999,BTC
2013-03-21 03:26:40,0.01900034,65.85986,BTC
2013-03-21 03:26:43,0.25,65.87231,BTC
2013-03-21 03:27:29,0.25,65.80652347,BTC
2013-03-21 03:27:32,0.01700034,65.83988347,BTC
2013-03-21 03:27:36,30.0,65.85002347,BTC
2013-03-21 03:27:39,0.02100034,65.86988347,BTC
2013-03-21 03:27:43,5.0,65.87802347,BTC
2013-03-21 03:27:47,0.021,65.88898347,BTC
2013-03-21 03:27:52,0.67765937,65.89001347,BTC
2013-03-21 03:28:28,1.0,65.80013842,BTC
2013-03-21 03:28:34,1.0,65.80044577,BTC
2013-03-21 03:28:38,1.0,65.8,BTC
2013-03-21 03:31:00,0.17,65.88,BTC
2013-03-21 03:31:09,26.21379285,65.74,BTC
2013-03-21 03:31:14,0.37391267,65.84961124,BTC
2013-03-21 03:31:27,26.21379285,65.73888369,BTC
2013-03-21 03:31:30,0.37391267,65.84887369,BTC
2013-03-21 03:32:20,9.62608733,65.7390813,BTC
2013-03-21 03:32:56,0.37391267,65.8490713,BTC
2013-03-21 03:33:19,0.17,65.88337099,BTC
2013-03-21 03:34:31,1.83,65.89253326,BTC
2013-03-21 03:34:46,0.37391267,65.83997129,BTC
2013-03-21 03:34:53,1.83,65.90065926,BTC
2013-03-21 03:35:15,0.37391267,65.83252032,BTC
2013-03-21 03:37:02,0.28752557,65.01501538,BTC
2013-03-21 03:37:07,0.57153661,65.14715538,BTC
2013-03-21 03:37:52,0.1158335,65.00620415,BTC
2013-03-21 03:37:57,0.02510432,65.05099415,BTC
2013-03-21 03:38:00,0.1158335,65.00106374,BTC
2013-03-21 03:38:02,0.02510432,65.04585374,BTC
2013-03-21 03:38:47,0.28752557,65.01331558,BTC
2013-03-21 03:38:52,17.57153661,65.14545558,BTC
2013-03-21 03:39:47,0.1158335,65.00099,BTC
2013-03-21 03:39:49,0.02510432,65.04578000000001,BTC
2013-03-21 03:43:00,0.14,65.41999,BTC
2013-03-21 03:51:17,1.336666,65.39998,BTC
2013-03-21 03:58:07,1.39995694,65.04582905,BTC
2013-03-21 03:58:13,1.53737875,65.04583905,BTC
2013-03-21 03:58:16,1.39995694,65.04610818,BTC
2013-03-21 03:58:23,1.53737875,65.04611818,BTC
2013-03-21 03:58:26,1.39995694,65.04576999999999,BTC
2013-03-21 03:58:44,1.53737875,65.04579258,BTC
2013-03-21 03:58:47,1.39995694,65.04578258,BTC
2013-03-21 03:59:25,1.39995694,65.04581606,BTC
2013-03-21 03:59:31,1.53737875,65.04582606,BTC
2013-03-21 03:59:34,1.39995694,65.04576999999999,BTC
2013-03-21 03:59:58,1.53737875,65.04581098,BTC
2013-03-21 04:00:30,1.39995694,65.04577923,BTC
2013-03-21 04:00:36,1.53737875,65.04578923,BTC
2013-03-21 04:00:40,1.39995694,65.04577923,BTC
2013-03-21 04:00:45,1.53737875,65.04711783,BTC
2013-03-21 04:00:49,0.41467909,65.04710783,BTC
2013-03-21 04:00:53,1.39995694,65.04576999999999,BTC
2013-03-21 04:11:09,1.5313451999999999,65.23461554,BTC
2013-03-21 04:11:13,3.20733545,65.23463554,BTC
2013-03-21 04:11:19,1.5313451999999999,65.22621052,BTC
2013-03-21 04:11:23,3.20733545,65.22623052,BTC
2013-03-21 04:11:29,1.5313451999999999,65.22063718,BTC
2013-03-21 04:11:32,3.20733545,65.21634300000001,BTC
2013-03-21 04:11:43,1.5313451999999999,65.216323,BTC
2013-03-21 04:11:47,3.20733545,65.20886489,BTC
2013-03-21 04:11:53,1.5313451999999999,65.2056972,BTC
2013-03-21 04:11:56,3.20733545,65.2057172,BTC
2013-03-21 04:21:04,1.73538973,65.6,BTC
2013-03-21 04:46:06,0.24745502,65.8,BTC
2013-03-21 04:47:26,0.24745502,65.8,BTC
2013-03-21 04:48:31,0.24745502,65.8,BTC
2013-03-21 04:49:16,3.0,65.8,BTC
2013-03-21 05:57:33,6.38858011,65.60432,BTC
2013-03-21 06:21:54,0.06237368,65.33999,BTC
2013-03-21 06:21:57,2.0,65.33999,BTC
2013-03-21 06:24:25,0.5,65.33003000000001,BTC
2013-03-21 06:24:28,0.5,65.33003000000001,BTC
2013-03-21 07:20:51,0.02184274,65.54405496,BTC
2013-03-21 07:20:52,0.25,65.54406496,BTC
2013-03-21 07:21:07,0.02184274,65.54452036,BTC
2013-03-21 07:21:08,0.25,65.54453036,BTC
2013-03-21 07:23:06,6.09,65.64049043,BTC
2013-03-21 07:29:32,5.0,65.20965823,BTC
2013-03-21 07:30:17,0.17227161,65.49938660000001,BTC
2013-03-21 07:30:24,0.32772839,65.64,BTC
2013-03-21 07:30:26,0.17227161,65.49934865,BTC
2013-03-21 07:30:33,1.82772839,65.64,BTC
2013-03-21 07:30:35,0.17227161,65.49934445,BTC
2013-03-21 07:30:57,0.1,65.49942061,BTC
2013-03-21 07:31:32,0.17227161,65.50155791,BTC
2013-03-21 07:31:42,0.17227161,65.50315486,BTC
2013-03-21 07:32:07,1.0,65.64,BTC
2013-03-21 07:32:08,1.0,65.641,BTC
2013-03-21 07:32:10,1.0,65.641,BTC
2013-03-21 07:32:11,1.0,65.641,BTC
2013-03-21 07:33:57,8.24567319,65.65513903,BTC
2013-03-21 07:33:59,0.02326407,65.66092903,BTC
2013-03-21 07:34:01,1.86970469,65.66093903,BTC
2013-03-21 07:47:34,10.0,65.54564,BTC
2013-03-21 07:48:07,1.0,65.54564,BTC
2013-03-21 07:48:18,1.0,65.5456911,BTC
2013-03-21 07:49:50,12.0,65.54564,BTC
2013-03-21 07:54:30,1.0,65.55081055,BTC
2013-03-21 08:32:14,12.95,65.79771946,BTC
2013-03-21 08:32:23,32.36865096,65.78924049,BTC
2013-03-21 08:36:51,2.2648,65.8,BTC
2013-03-21 08:37:50,100.0,65.89646876,BTC
2013-03-21 08:42:53,0.93565895,65.80104676,BTC
2013-03-21 08:42:57,0.06434105,65.80137679,BTC
2013-03-21 08:43:06,0.93565895,65.80138679,BTC
2013-03-21 08:43:18,0.06434105,65.8004525,BTC
2013-03-21 08:43:49,0.93565895,65.80164714,BTC
2013-03-21 08:43:57,0.06434105,65.79999000000001,BTC
2013-03-21 08:44:44,0.06434105,65.80086195,BTC
2013-03-21 08:48:21,0.5,66.0,BTC
2013-03-21 08:54:47,11.0,66.05,BTC
2013-03-21 09:07:19,1.0,66.27914892,BTC
2013-03-21 09:07:22,3.97341187,66.30014892,BTC
2013-03-21 09:07:26,1.0,66.27914892,BTC
2013-03-21 09:07:29,0.97341187,66.30014892,BTC
2013-03-21 09:07:33,1.0,66.279,BTC
2013-03-21 09:07:35,3.97341187,66.3,BTC
2013-03-21 09:11:06,0.1,66.26998628,BTC
2013-03-21 09:11:47,1.0,66.27942106,BTC
2013-03-21 09:11:51,0.3,66.27942106,BTC
2013-03-21 09:12:33,0.1,66.44935378,BTC
2013-03-21 09:29:57,0.2,66.5,BTC
2013-03-21 09:30:05,0.2,66.50001736,BTC
2013-03-21 09:30:21,8.0,66.50056093,BTC
2013-03-21 09:30:36,10.0,66.50037084,BTC
2013-03-21 09:30:47,10.0,66.50199525,BTC
2013-03-21 09:31:01,10.0,66.50027733,BTC
2013-03-21 09:31:33,10.0,66.50085228,BTC
2013-03-21 09:37:25,0.2,66.50009461,BTC
2013-03-21 09:37:37,0.2,66.50007144,BTC
2013-03-21 09:39:15,0.1,66.50004,BTC
2013-03-21 09:43:25,0.1,66.67191,BTC
2013-03-21 09:52:08,10.0,66.8819,BTC
2013-03-21 09:52:41,0.5,67.0,BTC
2013-03-21 09:52:42,8.5,67.6115,BTC
2013-03-21 09:55:28,0.19882649,66.89256401,BTC
2013-03-21 09:57:35,0.1,67.39835408,BTC
2013-03-21 10:12:52,0.1,67.84666711,BTC
2013-03-21 10:15:22,33.40684218,67.76994679,BTC
2013-03-21 10:23:30,1.8,67.848,BTC
2013-03-21 10:27:47,0.06870239999999997,68.14468169,BTC
2013-03-21 10:27:51,21.10885192,67.99973169,BTC
2013-03-21 10:28:01,0.08504088,68.14469169,BTC
2013-03-21 10:28:04,0.13740479999999994,68.00798169,BTC
2013-03-21 10:28:09,0.08504088,68.14491052,BTC
2013-03-21 10:28:12,0.05510864,68.00820052,BTC
2013-03-21 10:32:48,0.04989647,68.38593442,BTC
2013-03-21 10:37:05,0.95010353,68.38584709999999,BTC
2013-03-21 10:39:47,0.01166824,68.64999,BTC
2013-03-21 10:47:26,0.1,68.66002174,BTC
2013-03-21 10:47:28,1.82101857,68.69002174,BTC
2013-03-21 10:49:46,1.4,68.75,BTC
2013-03-21 10:50:54,55.01801089999999,68.75,BTC
2013-03-21 10:51:24,44.9819891,68.75,BTC
2013-03-21 11:09:20,1.15142323,68.85001,BTC
2013-03-21 11:10:54,0.15,68.85014717,BTC
2013-03-21 11:16:07,0.15,68.8885,BTC
2013-03-21 11:16:18,0.15,68.8885,BTC
2013-03-21 11:16:31,0.15,68.8885,BTC
2013-03-21 11:16:42,0.15,68.8885,BTC
2013-03-21 11:16:53,0.15,68.88853659,BTC
2013-03-21 11:17:05,0.15,68.8885,BTC
2013-03-21 11:17:11,0.15,68.8885,BTC
2013-03-21 11:17:22,0.15,68.8885,BTC
2013-03-21 11:17:32,0.15,68.8885,BTC
2013-03-21 11:17:43,0.15,68.8885,BTC
2013-03-21 11:17:54,0.15,68.9,BTC
2013-03-21 11:18:01,0.15,68.9,BTC
2013-03-21 11:18:16,0.15,68.9,BTC
2013-03-21 11:18:23,0.15,68.9,BTC
2013-03-21 11:18:32,0.15,68.9,BTC
2013-03-21 11:19:04,0.15,68.90012219,BTC
2013-03-21 11:19:11,0.15,68.90012044,BTC
2013-03-21 11:19:37,0.15,68.9,BTC
2013-03-21 11:19:49,0.15,68.90031459,BTC
2013-03-21 11:19:58,0.15,68.90015534,BTC
2013-03-21 11:20:08,0.15,68.90026871,BTC
2013-03-21 11:20:20,0.15,68.9,BTC
2013-03-21 11:20:26,0.15,68.9,BTC
2013-03-21 11:20:36,0.15,68.90005358,BTC
2013-03-21 11:20:50,0.15,68.9,BTC
2013-03-21 11:20:56,0.15,68.90015787,BTC
2013-03-21 11:21:08,0.15,68.9,BTC
2013-03-21 11:21:19,0.15,68.90008346,BTC
2013-03-21 11:21:32,0.15,68.9,BTC
2013-03-21 11:21:42,0.15,68.9,BTC
2013-03-21 11:21:53,0.15,68.90055986,BTC
2013-03-21 11:22:21,0.15,68.9,BTC
2013-03-21 11:22:32,0.15,68.9,BTC
2013-03-21 11:22:43,0.15,68.90001403,BTC
2013-03-21 11:22:54,0.15,68.9,BTC
2013-03-21 11:23:06,0.15,68.9,BTC
2013-03-21 11:23:18,0.15,68.9,BTC
2013-03-21 11:23:29,0.15,68.90000125,BTC
2013-03-21 11:23:37,0.15,68.90000125,BTC
2013-03-21 11:23:49,0.15,68.90129141,BTC
2013-03-21 11:24:24,0.15,68.9,BTC
2013-03-21 11:24:37,0.15,68.9,BTC
2013-03-21 11:24:49,0.15,68.9,BTC
2013-03-21 11:24:57,0.15,68.9,BTC
2013-03-21 11:25:08,0.15,68.90055702,BTC
2013-03-21 11:25:34,0.15,68.9,BTC
2013-03-21 11:25:51,0.15,68.9,BTC
2013-03-21 11:26:02,0.15,68.90015909,BTC
2013-03-21 11:26:12,0.15,68.90015909,BTC
2013-03-21 11:27:23,0.15,68.9,BTC
2013-03-21 11:27:31,0.15,68.9,BTC
2013-03-21 11:27:42,0.15,68.90059878,BTC
2013-03-21 11:28:06,0.09321133,68.9,BTC
2013-03-21 11:28:08,7.60678867,68.9,BTC
2013-03-21 11:28:18,1.8,68.90171185,BTC
2013-03-21 11:29:33,1.8,68.90185116,BTC
2013-03-21 11:30:05,1.8,68.90180008,BTC
2013-03-21 11:30:13,1.8,68.902,BTC
2013-03-21 11:30:15,7.60678867,68.9,BTC
2013-03-21 11:30:23,1.8,68.90190556,BTC
2013-03-21 11:30:36,1.8,68.90195813,BTC
2013-03-21 11:30:40,0.55284532,68.90195813,BTC
2013-03-21 11:30:56,10.0,68.71,BTC
2013-03-21 11:30:59,42.97143203,68.67,BTC
2013-03-21 11:31:02,28.74510368,68.66,BTC
2013-03-21 11:31:08,1.8,68.90197073,BTC
2013-03-21 11:31:11,10.0,68.70997073,BTC
2013-03-21 11:32:49,0.15,68.90584505,BTC
2013-03-21 11:33:00,0.15,68.84899,BTC
2013-03-21 11:33:10,0.15,68.84899,BTC
2013-03-21 11:33:20,0.15,68.84899,BTC
2013-03-21 11:33:29,0.15,68.84899,BTC
2013-03-21 11:35:06,0.15,68.84899,BTC
2013-03-21 11:35:16,0.15,68.84899,BTC
2013-03-21 11:35:26,0.15,68.84899,BTC
2013-03-21 11:35:54,0.125,68.84899,BTC
2013-03-21 11:36:04,0.125,68.84899,BTC
2013-03-21 11:36:20,0.125,68.84907771,BTC
2013-03-21 11:36:37,0.125,68.8537851,BTC
2013-03-21 11:36:57,0.125,68.86935914,BTC
2013-03-21 11:37:05,0.125,68.86935914,BTC
2013-03-21 11:38:28,0.125,68.80018643,BTC
2013-03-21 11:38:40,0.125,68.8,BTC
2013-03-21 11:38:47,0.125,68.8,BTC
2013-03-21 11:39:01,0.125,68.8,BTC
2013-03-21 11:40:00,0.125,68.8,BTC
2013-03-21 11:40:11,0.125,68.80006449,BTC
2013-03-21 11:40:17,0.125,68.80006449,BTC
2013-03-21 11:40:29,0.125,68.8,BTC
2013-03-21 11:41:27,1.07162814,68.80004818,BTC
2013-03-21 11:42:18,0.1,68.8,BTC
2013-03-21 11:44:21,0.1,68.70017955,BTC
2013-03-21 11:46:35,1.79662562,68.80001,BTC
2013-03-21 11:49:10,9.94186751,68.81,BTC
2013-03-21 11:49:47,0.05813249,68.80991716,BTC
2013-03-21 11:52:18,0.11663725,68.79994391,BTC
2013-03-21 11:52:18,5.70085583,68.79991391,BTC
2013-03-21 11:52:18,0.3145638,68.69987391,BTC
2013-03-21 11:52:19,4.774e-05,68.69986391,BTC
2013-03-21 11:52:19,5.6,68.64987391,BTC
2013-03-21 11:52:19,0.062015999999999995,68.64332391,BTC
2013-03-21 11:52:19,0.97854611,68.60987391,BTC
2013-03-21 11:52:19,5.6468,68.59987391,BTC
2013-03-21 11:52:19,4.02742688,68.57988391,BTC
2013-03-21 12:03:59,21.01332446,68.89001,BTC
2013-03-21 12:05:16,0.001704,68.89001,BTC
2013-03-21 12:06:07,50.0,68.90585049,BTC
2013-03-21 12:07:04,0.01211583,68.89001999999999,BTC
2013-03-21 12:07:04,0.00022417,68.89001,BTC
2013-03-21 12:07:20,0.01211583,68.89001999999999,BTC
2013-03-21 12:07:20,0.01931203,68.89001,BTC
2013-03-21 12:07:54,0.07083782,68.89001,BTC
2013-03-21 12:08:29,3.00043504,68.89001,BTC
2013-03-21 12:09:26,0.30773721,68.89958461,BTC
2013-03-21 12:09:51,0.08085701,68.89961,BTC
2013-03-21 12:23:11,0.59,68.33329643,BTC
2013-03-21 12:24:19,100.0,68.32273766,BTC
2013-03-21 12:24:24,10.0,67.01727234,BTC
2013-03-21 12:24:40,2.9109599999999998,66.98054760000001,BTC
2013-03-21 12:24:44,2.0,66.9325576,BTC
2013-03-21 12:25:57,10.0,67.01,BTC
2013-03-21 12:26:01,1.8383,67.0,BTC
2013-03-21 12:32:37,1.73170769,67.14375473,BTC
2013-03-21 12:33:27,5.0,67.01140964,BTC
2013-03-21 12:33:32,58.0,67.01,BTC
2013-03-21 12:33:33,20.4,67.00140964,BTC
2013-03-21 12:33:46,29.71,67.00280012,BTC
2013-03-21 12:33:58,29.71,67.00280012,BTC
2013-03-21 12:34:05,22.625726399999998,67.00446472,BTC
2013-03-21 12:36:18,9.00898458,67.41003076,BTC
2013-03-21 12:36:35,0.5,67.34554405,BTC
2013-03-21 12:43:07,2.84408469,67.89991176,BTC
2013-03-21 12:43:10,2.54009898,67.97619176,BTC
2013-03-21 12:43:15,2.84408469,67.89984749,BTC
2013-03-21 12:43:18,2.54009898,67.97612749,BTC
2013-03-21 12:43:53,5.1001,68.0,BTC
2013-03-21 12:43:55,0.25,68.08123,BTC
2013-03-21 12:43:57,0.25,68.14931,BTC
2013-03-21 12:43:59,1.35556416,68.24498,BTC
2013-03-21 12:51:00,4.3210182999999995,67.77,BTC
2013-03-21 12:51:47,11.6789817,67.76999,BTC
2013-03-21 12:51:53,11.6789817,67.76999,BTC
2013-03-21 12:51:59,4.3210182999999995,67.76999,BTC
2013-03-21 12:55:47,15.0,68.00003149999999,BTC
2013-03-21 12:55:57,15.0,68.00057465,BTC
2013-03-21 12:56:07,15.0,68.0,BTC
2013-03-21 12:56:12,15.0,67.8,BTC
2013-03-21 12:56:15,1.0,67.8,BTC
2013-03-21 12:56:19,15.0,67.8,BTC
2013-03-21 12:56:59,10.0,67.8,BTC
2013-03-21 12:57:28,2.0,67.8000438,BTC
2013-03-21 12:58:34,4.65529181,67.78012076,BTC
2013-03-21 12:58:43,4.65529181,67.78012076,BTC
2013-03-21 12:58:46,0.68941638,67.78,BTC
2013-03-21 12:59:13,4.65529181,67.78057170000001,BTC
2013-03-21 12:59:17,4.65529181,67.78057170000001,BTC
2013-03-21 12:59:19,4.65529181,67.78057170000001,BTC
2013-03-21 12:59:27,4.65529181,67.78134358,BTC
2013-03-21 12:59:32,0.68941638,67.78134358,BTC
2013-03-21 13:01:49,0.68941638,67.39008869,BTC
2013-03-21 13:02:34,3.9760000000000004,67.39013673,BTC
2013-03-21 13:02:37,3.9760000000000004,67.39013673,BTC
2013-03-21 13:02:45,3.9760000000000004,67.39013673,BTC
2013-03-21 13:06:15,4.64023889,68.0,BTC
2013-03-21 13:06:30,0.5479999999999999,68.0,BTC
2013-03-21 13:07:23,3.15788333,67.98999,BTC
2013-03-21 13:07:26,0.32928956,68.0,BTC
2013-03-21 13:10:49,1.0,67.985,BTC
2013-03-21 13:10:53,1.0,67.985,BTC
2013-03-21 13:10:56,1.0,67.985,BTC
2013-03-21 13:12:17,0.1,67.98502888,BTC
2013-03-21 13:15:31,9.77248745,67.98521741,BTC
2013-03-21 13:15:41,0.22751255,67.98503003,BTC
2013-03-21 13:15:44,9.77248745,67.98511122,BTC
2013-03-21 13:15:47,0.22751255,67.98511122,BTC
2013-03-21 13:18:37,0.5233817,68.00001,BTC
2013-03-21 13:18:44,44.4766183,68.0,BTC
2013-03-21 13:23:42,1.0,68.27248541,BTC
2013-03-21 13:32:03,6.31067077,68.17024744,BTC
2013-03-21 13:32:07,6.31067077,68.17000999999999,BTC
2013-03-21 13:32:15,6.31067077,68.17007222,BTC
2013-03-21 13:32:18,6.31067077,68.17007222,BTC
2013-03-21 13:32:21,4.75731692,68.17007222,BTC
2013-03-21 13:32:48,23.85792198,68.16953243,BTC
2013-03-21 13:33:41,19.39589968,68.17,BTC
2013-03-21 13:35:00,0.32421982,68.25117466,BTC
2013-03-21 13:35:04,4.3312027,68.25118466,BTC
2013-03-21 13:35:07,0.32421982,68.24999,BTC
2013-03-21 13:35:17,10.22410524,68.17,BTC
2013-03-21 13:35:57,23.82632131,68.26,BTC
2013-03-21 13:36:56,12.33798065,68.27,BTC
2013-03-21 13:38:48,1.82,68.27,BTC
2013-03-21 13:44:32,14.553601800000001,68.25,BTC
2013-03-21 13:46:44,1.34066804,68.23999,BTC
2013-03-21 13:46:45,0.29,68.24,BTC
2013-03-21 13:46:56,1.34066804,68.24036604,BTC
2013-03-21 13:46:58,0.29,68.24037604,BTC
2013-03-21 13:47:06,1.34066804,68.24054466,BTC
2013-03-21 13:47:08,0.29,68.24055466,BTC
2013-03-21 13:47:17,1.34066804,68.24001548,BTC
2013-03-21 13:47:18,0.29,68.24002548,BTC
2013-03-21 13:47:27,1.34066804,68.24001548,BTC
2013-03-21 13:47:29,0.29,68.24002548,BTC
2013-03-21 13:47:38,1.34066804,68.23999,BTC
2013-03-21 13:47:39,0.29,68.24,BTC
2013-03-21 13:47:49,1.34066804,68.23999,BTC
2013-03-21 13:47:50,0.29,68.24,BTC
2013-03-21 13:47:59,1.34066804,68.23999,BTC
2013-03-21 13:48:01,0.29,68.24,BTC
2013-03-21 13:51:55,0.884057,68.00187843,BTC
2013-03-21 13:52:02,0.884057,68.00011190000001,BTC
2013-03-21 13:52:07,0.884057,68.00092740000001,BTC
2013-03-21 13:52:11,0.884057,68.00092740000001,BTC
2013-03-21 13:59:49,13.18,68.3,BTC
2013-03-21 14:00:28,5.0,68.3,BTC
2013-03-21 14:13:06,10.0,68.61793378,BTC
2013-03-21 14:14:31,10.0,68.6798948,BTC
2013-03-21 14:15:44,10.0,68.6129,BTC
2013-03-21 14:21:17,11.95,68.40439992,BTC
2013-03-21 14:25:04,8.05,68.49991696,BTC
2013-03-21 14:26:45,100.0,68.5,BTC
2013-03-21 14:27:47,1.5,68.4987187,BTC
2013-03-21 14:54:33,0.84542375,68.79719987,BTC
2013-03-21 14:54:33,19.61977492,68.64719987,BTC
2013-03-21 14:54:41,61.8459784,68.83108987,BTC
2013-03-21 15:00:49,0.02680585,68.58342219,BTC
2013-03-21 15:02:57,2.9,68.50933258,BTC
2013-03-21 15:03:14,1.0,68.86639935,BTC
2013-03-21 15:04:06,10.0,68.86649175,BTC
2013-03-21 15:04:21,1.0,68.85107311,BTC
2013-03-21 15:04:37,10.0,68.83564197,BTC
2013-03-21 15:05:46,5.0,68.87625405,BTC
2013-03-21 15:06:30,10.0,68.87899999999999,BTC
2013-03-21 15:07:04,10.0,68.87999361,BTC
2013-03-21 15:07:28,10.0,68.88,BTC
2013-03-21 15:07:42,10.0,68.89,BTC
2013-03-21 15:07:45,41.35042495,68.90561619,BTC
2013-03-21 15:08:03,5.0,68.87973665,BTC
2013-03-21 15:08:13,10.0,68.87973665,BTC
2013-03-21 15:08:36,5.09682102,68.89,BTC
2013-03-21 15:08:37,53.55275403,68.90581999999999,BTC
2013-03-21 15:08:40,100.0,68.90581999999999,BTC
2013-03-21 15:08:58,10.0,68.9,BTC
2013-03-21 15:09:11,1.0,68.89998759999999,BTC
2013-03-21 15:09:21,1.0,68.9,BTC
2013-03-21 15:10:06,100.0,68.9,BTC
2013-03-21 15:10:39,100.0,68.89959009,BTC
2013-03-21 15:12:33,75.0,68.91230967,BTC
2013-03-21 15:15:16,15.0,68.9,BTC
2013-03-21 15:21:55,16.1,68.90581999999999,BTC
2013-03-21 15:22:26,0.2,68.91,BTC
2013-03-21 15:24:50,1.0,68.80970324,BTC
2013-03-21 15:25:00,1.0,68.81,BTC
2013-03-21 15:25:02,5.58406586,68.8,BTC
2013-03-21 15:25:16,1.0,68.80809394,BTC
2013-03-21 15:25:25,1.0,68.80821855,BTC
2013-03-21 15:27:43,4.1804,68.89970779,BTC
2013-03-21 15:27:53,4.1804,68.9,BTC
2013-03-21 15:28:01,4.1804,68.9,BTC
2013-03-21 15:28:08,4.1804,68.9,BTC
2013-03-21 15:28:14,4.1804,68.9,BTC
2013-03-21 15:28:26,4.1804,68.9,BTC
2013-03-21 15:28:37,4.1804,68.9,BTC
2013-03-21 15:28:48,4.1804,68.9,BTC
2013-03-21 15:28:55,4.1804,68.9,BTC
2013-03-21 15:29:07,4.1804,68.9,BTC
2013-03-21 15:58:15,9.8,68.91,BTC
2013-03-21 15:58:49,85.2734544,68.91431978,BTC
2013-03-21 16:01:06,17.10210536,68.99628404,BTC
2013-03-21 16:01:09,0.1,69.01045404,BTC
2013-03-21 16:01:13,3.7309192,69.04045404,BTC
2013-03-21 16:01:17,0.25,69.06207404,BTC
2013-03-21 16:01:21,2.1,69.07815404,BTC
2013-03-21 16:01:27,0.2,69.09035404,BTC
2013-03-21 16:01:46,3.0,69.7,BTC
2013-03-21 16:01:52,0.5,70.0,BTC
2013-03-21 16:01:53,21.5,70.0,BTC
2013-03-21 16:01:55,5.0,70.0,BTC
2013-03-21 16:02:13,4.0,70.0,BTC
2013-03-21 16:02:27,2.0,70.0,BTC
2013-03-21 16:02:44,1.0,70.0,BTC
2013-03-21 16:02:59,0.5,70.0,BTC
2013-03-21 16:03:15,0.1,70.0,BTC
2013-03-21 16:03:26,0.1,70.0,BTC
2013-03-21 16:03:45,1.8,70.0,BTC
2013-03-21 16:04:46,0.1,70.0,BTC
2013-03-21 16:09:03,1.0,71.37,BTC
2013-03-21 16:09:16,1.0,71.37,BTC
2013-03-21 16:09:33,1.0,71.37,BTC
2013-03-21 16:09:41,1.0,71.37,BTC
2013-03-21 16:09:50,1.0,71.37,BTC
2013-03-21 16:12:06,0.5,71.0,BTC
2013-03-21 16:17:07,8.51,71.25,BTC
2013-03-21 16:21:03,5.26572598,70.47991601,BTC
2013-03-21 16:21:44,0.038,71.02902293,BTC
2013-03-21 16:21:47,0.038,71.02902293,BTC
2013-03-21 16:21:51,0.038,71.02902293,BTC
2013-03-21 16:21:56,0.038,71.02902293,BTC
2013-03-21 16:22:01,0.038,71.02692475,BTC
2013-03-21 16:22:08,0.038,71.03475553,BTC
2013-03-21 16:22:15,0.038,71.03475553,BTC
2013-03-21 16:22:18,0.038,71.03723383,BTC
2013-03-21 16:22:23,0.038,71.03861529999998,BTC
2013-03-21 16:22:29,0.038,71.03861529999998,BTC
2013-03-21 16:22:32,0.038,71.03861529999998,BTC
2013-03-21 16:22:36,0.038,71.03184066,BTC
2013-03-21 16:27:33,0.06841544,70.88224369,BTC
2013-03-21 16:27:38,0.06841544,70.88224369,BTC
2013-03-21 16:27:43,0.06841544,70.88241235,BTC
2013-03-21 16:27:47,0.06841544,70.88241235,BTC
2013-03-21 16:27:51,0.06841544,70.88241235,BTC
2013-03-21 16:28:46,0.1,70.62991272,BTC
2013-03-21 16:34:17,1.0,70.62184212,BTC
2013-03-21 16:38:15,4.0,71.12218779,BTC
2013-03-21 16:38:18,44.33513959,71.27218779,BTC
2013-03-21 16:43:36,0.1,71.07474579,BTC
2013-03-21 16:44:03,0.1,71.08000291,BTC
2013-03-21 16:53:42,3.0,71.6625,BTC
2013-03-21 16:57:15,0.05893983,71.45847593,BTC
2013-03-21 16:57:46,0.02435583,71.44339668,BTC
2013-03-21 16:58:45,3.0,71.6625,BTC
2013-03-21 16:59:55,0.5,72.2591,BTC
2013-03-21 17:01:55,3.4,72.23817435,BTC
2013-03-21 17:05:20,1.0,72.5346,BTC
2013-03-21 17:08:15,4.0,72.5346,BTC
2013-03-21 17:08:58,1.96,72.797,BTC
2013-03-21 17:09:17,10.0,73.94984445,BTC
2013-03-21 17:09:27,10.0,73.94984445,BTC
2013-03-21 17:09:36,10.0,73.94981801,BTC
2013-03-21 17:09:57,0.5,74.0,BTC
2013-03-21 17:10:22,5.0,73.94904446,BTC
2013-03-21 17:10:38,1.0,74.1539,BTC
2013-03-21 17:11:27,4.07,74.1539,BTC
2013-03-21 17:11:57,0.83,74.1539,BTC
2013-03-21 17:12:49,2.41954323,73.92262337,BTC
2013-03-21 17:12:52,2.0,74.48,BTC
2013-03-21 17:13:06,2.0,74.5417,BTC
2013-03-21 17:13:27,2.0,74.5417,BTC
2013-03-21 17:13:46,0.93,74.5417,BTC
2013-03-21 17:16:29,2.8,74.56213022,BTC
2013-03-21 17:16:59,0.30685504,74.43101,BTC
2013-03-21 17:23:06,2.02321375,73.66502154,BTC
2013-03-21 17:23:17,0.38,74.0,BTC
2013-03-21 17:28:24,2.0,74.0,BTC
2013-03-21 17:28:47,2.0,73.84975895,BTC
2013-03-21 17:28:57,2.0,73.86,BTC
2013-03-21 17:43:17,0.71657146,73.27563084,BTC
2013-03-21 17:43:57,0.3,73.33913633,BTC
2013-03-21 17:46:19,1.38053856,73.08952816,BTC
2013-03-21 17:48:28,1.0,72.55223624,BTC
2013-03-21 17:50:06,0.96362234,73.05136459,BTC
2013-03-21 17:50:08,1.75637766,73.05137459,BTC
2013-03-21 17:50:14,0.29959424,72.74920493,BTC
2013-03-21 17:55:17,6.80751803,72.52704922,BTC
2013-03-21 17:58:59,0.2191,73.65763923,BTC
2013-03-21 17:59:20,0.7809,73.74799,BTC
2013-03-21 18:01:57,2.3,72.85921617,BTC
2013-03-21 18:02:04,5.0,72.85921617,BTC
2013-03-21 18:06:49,0.98404244,73.29964838,BTC
2013-03-21 18:06:52,2.0,73.95,BTC
2013-03-21 18:06:54,2.0,74.01,BTC
2013-03-21 18:06:57,0.03191512,74.05,BTC
2013-03-21 18:07:59,0.98404244,73.34945,BTC
2013-03-21 18:09:30,2.79623987,74.05013318,BTC
2013-03-21 18:10:01,1.78,74.04899999999998,BTC
2013-03-21 18:13:20,5.0,73.51556,BTC
2013-03-21 18:13:39,2.0,73.51339803,BTC
2013-03-21 18:20:51,0.82061593,73.99999,BTC
2013-03-21 18:21:39,2.0,73.65,BTC
2013-03-21 18:21:53,0.5,73.65741737,BTC
2013-03-21 18:22:00,0.1,73.65428154,BTC
2013-03-21 18:22:13,0.1,73.65107745,BTC
2013-03-21 18:22:26,0.1,73.65107745,BTC
2013-03-21 18:23:29,0.8,73.65128056,BTC
2013-03-21 18:28:30,2.3,73.35,BTC
2013-03-21 18:28:52,2.3,73.35,BTC
2013-03-21 18:29:28,0.1,73.35,BTC
2013-03-21 18:32:59,1.64328234,73.1488573,BTC
2013-03-21 18:32:59,4.1969,73.0988273,BTC
2013-03-21 18:33:00,0.5123,73.05882729999998,BTC
2013-03-21 18:33:00,29.8,72.94882729999998,BTC
2013-03-21 18:33:00,1.0,72.74882729999999,BTC
2013-03-21 18:33:00,2.0,72.60551729999997,BTC
2013-03-21 18:33:00,3.0,72.55882729999998,BTC
2013-03-21 18:33:01,5.1,72.5043273,BTC
2013-03-21 18:33:02,8.97836738,72.4888273,BTC
2013-03-21 18:33:02,8.34272654,72.46882729999999,BTC
2013-03-21 18:33:05,10.0,73.4511727,BTC
2013-03-21 18:33:08,1.64328234,73.14783653,BTC
2013-03-21 18:33:08,4.1969,73.09780653,BTC
2013-03-21 18:33:08,0.5123,73.05780653,BTC
2013-03-21 18:33:09,29.8,72.94780653,BTC
2013-03-21 18:33:09,1.0,72.74780653,BTC
2013-03-21 18:33:09,2.0,72.60449653,BTC
2013-03-21 18:33:09,3.0,72.55780653,BTC
2013-03-21 18:33:09,5.1,72.50330653,BTC
2013-03-21 18:33:10,5.0,72.47780653,BTC
2013-03-21 18:33:14,7.48573239,73.50219347,BTC
2013-03-21 18:33:18,0.02396523,73.13752745,BTC
2013-03-21 18:33:18,10.0,73.07860745,BTC
2013-03-21 18:33:19,1.27671109,72.57249745,BTC
2013-03-21 18:33:19,11.96508782,72.49301745,BTC
2013-03-21 18:33:20,8.97836738,72.47750745,BTC
2013-03-21 18:33:20,9.34272654,72.45750745,BTC
2013-03-21 18:33:23,33.44359028,73.46249255,BTC
2013-03-21 18:33:29,47.80899068,73.56249255,BTC
2013-03-21 18:33:30,1.64328234,73.11173108,BTC
2013-03-21 18:33:31,4.1969,73.06170108,BTC
2013-03-21 18:33:31,0.5123,73.02170108,BTC
2013-03-21 18:33:31,28.62355243,72.91170108,BTC
2013-03-21 18:33:50,4.0,73.48503146,BTC
2013-03-21 18:40:33,0.1,73.04999000000002,BTC
2013-03-21 18:47:29,0.5,73.0,BTC
2013-03-21 18:51:22,8.49530231,72.80389913,BTC
2013-03-21 18:54:21,2.22,73.04,BTC
2013-03-21 18:55:13,2.5,73.03,BTC
2013-03-21 18:56:30,100.0,72.79999000000002,BTC
2013-03-21 18:56:43,3.0,72.52,BTC
2013-03-21 18:56:45,22.22,72.79999000000002,BTC
2013-03-21 18:58:41,7.2,72.55001,BTC
2013-03-21 19:00:33,0.39,72.52,BTC
2013-03-21 19:02:12,2.39187454,72.78009703,BTC
2013-03-21 19:05:34,3.39,72.29,BTC
2013-03-21 19:05:36,0.5926,72.2,BTC
2013-03-21 19:08:03,6.24164719,72.25001,BTC
2013-03-21 19:08:05,5.0,72.25001,BTC
2013-03-21 19:10:56,0.4074,72.2,BTC
2013-03-21 19:11:44,2.0074,72.17,BTC
2013-03-21 19:11:47,4.01307332,72.14827161,BTC
2013-03-21 19:11:51,0.34799804,72.14253161,BTC
2013-03-21 19:11:54,3.14845441,72.12826161,BTC
2013-03-21 19:12:01,5.0,72.09926161,BTC
2013-03-21 19:12:54,0.1,72.09,BTC
2013-03-21 19:13:14,0.02872385,72.09,BTC
2013-03-21 19:13:44,2.0,71.56388504,BTC
2013-03-21 19:15:34,0.22548361,71.18010169,BTC
2013-03-21 19:15:37,0.75067058,70.92109169,BTC
2013-03-21 19:15:39,0.22548361,71.18010169,BTC
2013-03-21 19:15:41,3.0,70.92109169,BTC
2013-03-21 19:15:44,1.40845231,70.91008169,BTC
2013-03-21 19:15:46,0.10099999999999999,70.80009169,BTC
2013-03-21 19:15:49,42.97528076,70.71009169,BTC
2013-03-21 19:16:04,0.22548361,71.21272794,BTC
2013-03-21 19:16:08,3.0,70.95371794,BTC
2013-03-21 19:16:11,1.40845231,70.94270794,BTC
2013-03-21 19:16:14,0.10099999999999999,70.83271794,BTC
2013-03-21 19:16:19,2.97528076,70.74271794,BTC
2013-03-21 19:16:33,0.22548361,71.20461276,BTC
2013-03-21 19:16:33,3.0,70.94560276,BTC
2013-03-21 19:22:09,1.40568665,71.19134399,BTC
2013-03-21 19:22:12,90.20549335,71.45173399,BTC
2013-03-21 19:24:15,1.40568665,71.23035702,BTC
2013-03-21 19:24:26,0.3,71.22842904,BTC
2013-03-21 19:26:58,8.47107161,71.55367802,BTC
2013-03-21 19:27:01,56.38849814,72.53222802,BTC
2013-03-21 19:27:04,8.47107161,71.55367802,BTC
2013-03-21 19:27:14,35.14043025,72.46166295,BTC
2013-03-21 19:27:44,1.0,71.55655436,BTC
2013-03-21 19:28:42,13.0,72.53446034,BTC
2013-03-21 19:29:36,97.0,72.53373432,BTC
2013-03-21 19:36:45,15.0,71.61497556,BTC
2013-03-21 19:37:32,0.87167112,71.71726,BTC
2013-03-21 19:37:35,2.47882888,72.25,BTC
2013-03-21 19:41:37,8.53697547,71.69988657,BTC
2013-03-21 19:48:20,1.0,72.28078971,BTC
2013-03-21 19:49:39,1.59956496,72.07807555,BTC
2013-03-21 19:53:55,3.0,72.01210999999998,BTC
2013-03-21 19:58:49,2.70568665,72.75,BTC
2013-03-21 19:58:51,2.04788715,72.84999,BTC
2013-03-21 19:59:26,0.2464262,72.5989,BTC
2013-03-21 19:59:37,0.2464262,72.59978456,BTC
2013-03-21 19:59:50,0.2464262,72.5989,BTC
2013-03-21 19:59:59,0.2464262,72.5989,BTC
2013-03-21 20:00:10,0.2464262,72.5989,BTC
2013-03-21 20:00:19,0.43878385,73.0,BTC
2013-03-21 20:00:20,13.19151615,72.9,BTC
2013-03-21 20:01:48,0.43878385,72.99967217,BTC
2013-03-21 20:01:48,5.19151615,72.89967217,BTC
2013-03-21 20:02:26,0.1,73.2,BTC
2013-03-21 20:05:30,0.8,73.2,BTC
2013-03-21 20:07:12,0.27207779,73.00001999999998,BTC
2013-03-21 20:07:16,0.54330907,73.09,BTC
2013-03-21 20:14:00,0.1,72.9,BTC
2013-03-21 20:18:22,0.11373419,73.10001,BTC
2013-03-21 20:18:38,4.88626581,73.09796672,BTC
2013-03-21 20:19:10,4.80430627,73.19986734,BTC
2013-03-21 20:20:21,0.19569373,72.74092902,BTC
2013-03-21 20:23:42,0.332131,73.0,BTC
2013-03-21 20:29:02,0.81273843,72.71901,BTC
2013-03-21 20:29:04,0.5,72.619,BTC
2013-03-21 20:29:06,0.5,72.419,BTC
2013-03-21 20:29:49,0.5,72.619,BTC
2013-03-21 20:29:58,0.81273843,72.71901,BTC
2013-03-21 20:30:10,0.10451349,72.719,BTC
2013-03-21 20:30:13,0.5,72.51899999999998,BTC
2013-03-21 20:31:02,10.0,72.39976598,BTC
2013-03-21 20:33:12,10.0,72.27973887,BTC
2013-03-21 20:54:05,0.29256040000000005,73.00361431,BTC
2013-03-21 21:59:05,1.0,72.656,BTC
2013-03-21 21:59:14,0.93288308,72.6333,BTC
2013-03-21 22:00:06,2.42,72.12196405,BTC
2013-03-21 22:00:15,1.0,72.6333,BTC
2013-03-21 22:00:39,2.33,72.12005,BTC
2013-03-21 22:00:48,1.0,72.58800000000002,BTC
2013-03-21 22:00:58,2.33,72.12729145,BTC
2013-03-21 22:01:07,1.0,72.52199999999998,BTC
2013-03-21 22:01:30,2.33,72.12642085,BTC
2013-03-21 22:01:36,1.0,72.445,BTC
2013-03-21 22:01:42,2.33,72.12005,BTC
2013-03-21 22:01:49,1.0,72.35,BTC
2013-03-21 22:02:03,1.0,64.0,BTC
2013-03-21 22:07:37,0.4338,71.90002,BTC
2013-03-21 22:10:52,1.51379926,72.3614,BTC
2013-03-21 22:10:53,0.64247277,72.0009,BTC
2013-03-21 22:17:16,2.5,72.35916363,BTC
2013-03-21 22:18:10,2.5,72.35999978,BTC
2013-03-21 22:20:45,0.2,72.56,BTC
2013-03-21 22:21:14,0.2,72.56534051,BTC
2013-03-21 22:21:26,0.2,72.56317676,BTC
2013-03-21 22:21:49,0.2,72.56175146,BTC
2013-03-21 22:22:09,0.2,72.56,BTC
2013-03-21 22:58:40,28.58666981,71.31991589,BTC
2013-03-21 23:03:28,25.0,71.31267872,BTC
2013-03-21 23:04:51,0.03395767,71.00837,BTC
2013-03-21 23:08:06,13.81408856,70.14947932,BTC
2013-03-21 23:08:10,2.07839803,70.14946932,BTC
2013-03-21 23:08:14,0.14,70.11179932,BTC
2013-03-21 23:12:13,10.0,71.09999,BTC
2013-03-21 23:15:15,21.09,70.65805495,BTC
2013-03-21 23:18:32,4.0,70.50119834,BTC
2013-03-21 23:23:10,0.03736751,71.97999638,BTC
2013-03-21 23:23:18,0.03736751,71.98699997,BTC
2013-03-21 23:23:40,0.03736751,71.98905569,BTC
2013-03-21 23:24:04,0.03736751,71.97040947,BTC
2013-03-21 23:24:05,0.03,71.99938947,BTC
2013-03-21 23:24:08,4.45623981,71.99939947,BTC
2013-03-21 23:48:37,1.46973371,70.20415,BTC
2013-03-21 23:48:40,1.0,70.01,BTC
2013-03-21 23:48:42,2.99,69.97932,BTC
2013-03-21 23:48:44,1.34445462,69.94192,BTC
2013-03-21 23:49:50,1.46973371,70.20415,BTC
2013-03-22 00:19:59,0.0057,70.95,BTC
2013-03-22 00:20:02,2.8,70.46,BTC
2013-03-22 00:24:44,0.3,70.92,BTC
2013-03-22 00:31:42,0.1,70.7645182,BTC
2013-03-22 00:54:48,0.2,71.0,BTC
2013-03-22 01:03:56,7.362911299999999,71.04335999999998,BTC
2013-03-22 01:04:08,7.362911299999999,71.0433558,BTC
2013-03-22 01:04:48,5.75304493,71.04249703,BTC
2013-03-22 01:04:51,1.96619572,71.01912703,BTC
2013-03-22 01:04:55,5.75304493,71.04249703,BTC
2013-03-22 01:05:19,7.0,71.58014,BTC
2013-03-22 01:06:18,1.0,71.0,BTC
2013-03-22 01:06:22,1.0,71.0,BTC
2013-03-22 01:06:25,1.0,71.0,BTC
2013-03-22 01:33:31,0.05352678,71.59999,BTC
2013-03-22 01:33:48,0.05352678,71.60077413,BTC
2013-03-22 01:35:29,20.0,71.61903561,BTC
2013-03-22 01:43:27,25.33,71.6,BTC
2013-03-22 01:44:36,50.0,71.6314846,BTC
2013-03-22 01:46:50,3.0,71.6,BTC
2013-03-22 01:55:28,0.75543186,71.97527593,BTC
2013-03-22 01:55:28,0.01025069,71.99423593,BTC
2013-03-22 01:55:29,1.23431745,72.0,BTC
2013-03-22 01:59:36,8.333,72.0,BTC
2013-03-22 02:00:41,3.0,72.0,BTC
2013-03-22 02:03:03,0.67268255,72.0,BTC
2013-03-22 02:05:02,2.6,72.15,BTC
2013-03-22 02:10:54,0.01158219,71.83129178,BTC
2013-03-22 02:32:57,0.91861153,72.00054443,BTC
2013-03-22 02:36:42,10.0,72.48,BTC
2013-03-22 02:36:45,0.49957621,72.58888,BTC
2013-03-22 02:36:48,1.66525403,72.59799,BTC
2013-03-22 02:46:09,2.975,72.16847154,BTC
2013-03-22 02:46:11,0.9801,71.89837154,BTC
2013-03-22 02:46:14,2.78436,71.60693154,BTC
2013-03-22 03:10:33,1.11489253,73.44,BTC
2013-03-22 03:18:10,11.57482057,73.59,BTC
2013-03-22 03:18:15,11.57482057,73.58933268,BTC
2013-03-22 03:19:16,11.57482057,73.58768532,BTC
2013-03-22 03:19:24,11.57482057,73.58768532,BTC
2013-03-22 03:19:33,11.57482057,73.58827558,BTC
2013-03-22 03:19:46,11.57482057,73.58978406,BTC
2013-03-22 03:23:48,0.2832,73.54407577,BTC
2013-03-22 03:23:55,0.2832,73.54999000000002,BTC
2013-03-22 03:24:03,0.2832,73.54770235,BTC
2013-03-22 03:24:24,0.2832,73.54176627,BTC
2013-03-22 03:24:35,0.2832,73.54947852,BTC
2013-03-22 03:24:44,0.2832,73.54947852,BTC
2013-03-22 03:24:55,0.2832,73.54966429999998,BTC
2013-03-22 03:25:04,0.2832,73.54977455,BTC
2013-03-22 03:25:13,0.2832,73.54977455,BTC
2013-03-22 03:25:31,0.2832,73.54848136,BTC
2013-03-22 03:29:26,27.71907658,73.57541590000002,BTC
2013-03-22 03:30:03,1.0,73.5,BTC
2013-03-22 03:30:56,4.5,73.7,BTC
2013-03-22 03:33:27,5.0,73.64284897,BTC
2013-03-22 03:37:04,3.85550981,73.64,BTC
2013-03-22 03:37:24,3.85550981,73.64,BTC
2013-03-22 03:37:43,3.85550981,73.64,BTC
2013-03-22 03:38:06,3.85550981,73.64,BTC
2013-03-22 05:33:10,1.5,72.40909979,BTC
2013-03-22 05:33:21,1.5,72.4,BTC
2013-03-22 05:57:24,0.25,72.93,BTC
2013-03-22 05:57:51,0.25,72.93,BTC
2013-03-22 06:04:32,0.2,71.59853000000003,BTC
2013-03-22 06:04:42,0.1,71.6275,BTC
2013-03-22 06:04:45,0.25,72.17251999999998,BTC
2013-03-22 06:04:47,0.25,72.31673,BTC
2013-03-22 06:05:03,0.1,71.62758889,BTC
2013-03-22 06:05:52,0.0050201,71.0,BTC
2013-03-22 06:07:53,3.0,71.0,BTC
2013-03-22 06:25:58,0.02830583,71.24270096,BTC
2013-03-22 06:26:02,0.25,71.38505096,BTC
2013-03-22 06:26:07,1.0,71.60059096,BTC
2013-03-22 06:26:13,0.07513550000000001,71.75019096,BTC
2013-03-22 06:26:15,1.39176888,71.95160096,BTC
2013-03-22 06:26:17,4.14579239,72.10059096,BTC
2013-03-22 06:26:46,3.0,71.02933581,BTC
2013-03-22 06:29:25,2.0,71.3,BTC
2013-03-22 06:34:37,100.0,70.15084243,BTC
2013-03-22 06:34:43,100.0,70.15084243,BTC
2013-03-22 06:34:53,45.51,70.15385053,BTC
2013-03-22 06:35:30,0.09083674,69.93615947,BTC
2013-03-22 06:35:37,10.0,69.92614947,BTC
2013-03-22 06:35:44,1.33732701,69.89864947,BTC
2013-03-22 06:35:48,77.34553214,69.89614947,BTC
2013-03-22 06:35:52,1.0566,69.88136947,BTC
2013-03-22 06:35:55,0.07,69.80847947,BTC
2013-03-22 06:35:59,0.06913918,69.79923947,BTC
2013-03-22 06:36:02,1.0590000000000002,69.71868947,BTC
2013-03-22 06:36:13,1.0,69.92496161,BTC
2013-03-22 06:36:17,1.42831334,69.89761161,BTC
2013-03-22 06:36:22,0.06913918,69.88497161,BTC
2013-03-22 06:36:27,0.05071423,69.87656161,BTC
2013-03-22 06:36:31,5.0,69.83686161,BTC
2013-03-22 06:36:34,0.3,69.79196161,BTC
2013-03-22 06:36:39,1.0579,69.78145161,BTC
2013-03-22 06:36:42,0.06549818,69.70640161,BTC
2013-03-22 06:36:49,100.0,69.77083191,BTC
2013-03-22 06:36:56,98.0,69.77387682,BTC
2013-03-22 06:37:00,60.0,69.77263385,BTC
2013-03-22 06:37:29,3.0,69.75633123,BTC
2013-03-22 06:42:05,2.0,69.40407464,BTC
2013-03-22 06:43:07,5.0,68.98979088,BTC
2013-03-22 06:46:04,3.56605908,69.90361181,BTC
2013-03-22 06:48:59,6.0,69.86244021,BTC
2013-03-22 06:56:23,1.0,69.85,BTC
2013-03-22 06:59:30,1.0,68.89069115,BTC
2013-03-22 07:01:43,0.38220824,69.75849000000001,BTC
2013-03-22 07:02:05,0.38220824,69.76664719,BTC
2013-03-22 07:02:09,0.38220824,69.76664719,BTC
2013-03-22 07:02:24,0.38220824,69.76306437,BTC
2013-03-22 07:03:19,29.61779176,69.8,BTC
2013-03-22 07:03:51,1.3,69.80019049,BTC
2013-03-22 07:06:54,94.95298504,70.1,BTC
2013-03-22 07:07:22,1.0,70.1,BTC
2013-03-22 07:11:14,0.2,71.04125429,BTC
2013-03-22 07:11:18,0.0123456,71.05111429,BTC
2013-03-22 07:12:33,0.2,71.44594721,BTC
2013-03-22 07:12:36,0.25,71.48304721,BTC
2013-03-22 07:12:40,0.24651569,71.51835721,BTC
2013-03-22 07:12:43,0.1698407,71.42917920000002,BTC
2013-03-22 07:12:47,0.05,71.4734392,BTC
2013-03-22 07:12:52,0.08364361,71.5152892,BTC
2013-03-22 07:13:00,0.2,71.4557138,BTC
2013-03-22 07:13:04,0.25,71.4928138,BTC
2013-03-22 07:13:09,0.24651569,71.5281238,BTC
2013-03-22 07:13:13,0.1698407,71.42643843,BTC
2013-03-22 07:13:17,0.05,71.47069843,BTC
2013-03-22 07:13:21,0.08364361,71.51254843,BTC
2013-03-22 07:13:30,0.2,71.48579824,BTC
2013-03-22 07:13:35,0.25,71.52289824,BTC
2013-03-22 07:13:38,0.24651569,71.55820824,BTC
2013-03-22 07:13:44,0.1698407,71.45654595,BTC
2013-03-22 07:13:51,0.05,71.50080595,BTC
2013-03-22 07:13:54,0.08364361,71.54265595,BTC
2013-03-22 07:14:03,0.02425664,72.12647812,BTC
2013-03-22 07:14:08,0.62757002,72.29249812,BTC
2013-03-22 07:14:13,0.29817334,72.12098167,BTC
2013-03-22 07:14:16,0.05,72.26098167,BTC
2013-03-22 07:14:29,0.02425664,72.12721013,BTC
2013-03-22 07:14:32,0.62757002,72.29323013,BTC
2013-03-22 07:14:36,0.29817334,72.13708635,BTC
2013-03-22 07:14:40,0.05,72.27708635,BTC
2013-03-22 07:15:48,0.24175,72.48264812,BTC
2013-03-22 07:15:54,1.05,72.07952371,BTC
2013-03-22 07:21:38,2.51089888,71.35822366,BTC
2013-03-22 07:22:39,3.296e-05,71.35637261,BTC
2013-03-22 07:24:42,0.7406,71.37807428,BTC
2013-03-22 07:24:53,0.7406,71.37444152,BTC
2013-03-22 07:25:20,88.60260225,71.04674619,BTC
2013-03-22 07:25:30,6.0,71.04821661,BTC
2013-03-22 07:26:43,0.4,71.35,BTC
2013-03-22 07:28:45,0.33333333,70.42202978,BTC
2013-03-22 07:29:04,0.33333333,70.4212432,BTC
2013-03-22 07:29:28,0.33333333,70.42275495,BTC
2013-03-22 07:29:37,59.40333335,70.5,BTC
2013-03-22 07:31:54,0.0012,70.43,BTC
2013-03-22 07:32:54,2.0,70.43,BTC
2013-03-22 07:35:03,1.4665,70.5,BTC
2013-03-22 08:20:53,1.0,70.45,BTC
2013-03-22 08:24:06,25.0,70.3,BTC
2013-03-22 08:29:16,0.1,70.32583000000001,BTC
2013-03-22 08:31:15,39.24652066,70.32612333,BTC
2013-03-22 08:34:54,13.0,70.41991,BTC
2013-03-22 08:38:46,0.9856,70.6,BTC
2013-03-22 08:38:46,8.383,70.86399,BTC
2013-03-22 08:38:46,1.8323200000000002,71.26594,BTC
2013-03-22 08:38:46,3.0,71.29,BTC
2013-03-22 08:38:47,2.79908,71.48,BTC
2013-03-22 08:55:58,0.1,71.48,BTC
2013-03-22 08:56:57,0.1,71.39432,BTC
2013-03-22 08:57:56,4.65,71.48,BTC
2013-03-22 09:05:11,9.88351181,72.2389,BTC
2013-03-22 09:06:39,20.98827754,72.23903185,BTC
2013-03-22 09:08:22,0.1,72.24,BTC
2013-03-22 09:08:26,0.1,72.5,BTC
