timestamp,amount,price,symbol
2013-05-13 10:35:12,0.5,116.7,BTC
2013-05-13 10:35:12,0.9368324,116.88,BTC
2013-05-13 10:35:13,2.5,116.89,BTC
2013-05-13 10:35:13,12.25,116.901,BTC
2013-05-13 10:35:38,0.11,117.39,BTC
2013-05-13 10:35:38,0.3470041,117.026,BTC
2013-05-13 10:42:57,0.2,117.0,BTC
2013-05-13 11:01:25,0.21,117.62,BTC
2013-05-13 11:01:29,10.0,118.0,BTC
2013-05-13 11:01:32,50.0,118.0,BTC
2013-05-13 11:01:34,1.0,118.0,BTC
2013-05-13 11:01:36,1.0,118.2,BTC
2013-05-13 11:01:39,1.0,118.4,BTC
2013-05-13 11:01:40,0.61,118.48,BTC
2013-05-13 11:03:17,1.0,118.5,BTC
2013-05-13 11:07:21,0.6149004,118.0,BTC
2013-05-13 11:09:20,0.0686206,117.721,BTC
2013-05-13 11:09:44,0.0926626,117.75,BTC
2013-05-13 11:10:11,0.7984026,117.75,BTC
2013-05-13 11:10:39,4.0,118.0,BTC
2013-05-13 11:11:06,0.051988699999999985,117.721,BTC
2013-05-13 11:12:00,4.0,117.7,BTC
2013-05-13 11:16:48,0.1,117.3,BTC
2013-05-13 11:18:36,0.1,117.3,BTC
2013-05-13 11:30:41,2.5,117.89,BTC
2013-05-13 11:30:41,0.3123037,117.974,BTC
2013-05-13 11:30:42,14.033382199999998,118.0,BTC
2013-05-13 11:34:47,14.6235671,117.8,BTC
2013-05-13 11:35:51,0.3285696,117.8,BTC
2013-05-13 11:35:53,50.0,117.98,BTC
2013-05-13 11:35:54,9.0,118.01,BTC
2013-05-13 11:35:56,0.15,118.87,BTC
2013-05-13 11:35:58,0.025,118.444,BTC
2013-05-13 11:42:46,28.0,117.9,BTC
2013-05-13 11:46:43,0.4981471,118.78,BTC
2013-05-13 11:47:21,2.0,117.9,BTC
2013-05-13 11:49:13,12.2,117.9,BTC
2013-05-13 11:50:31,1.0,117.7,BTC
2013-05-13 11:50:33,0.1,117.5,BTC
2013-05-13 11:50:35,2.67,118.9,BTC
2013-05-13 11:50:37,6.33,118.97,BTC
2013-05-13 11:51:19,1.266,118.05,BTC
2013-05-13 11:51:44,88.0,117.5,BTC
2013-05-13 12:01:28,0.1,117.7,BTC
2013-05-13 12:06:54,8.469329400000001,118.58,BTC
2013-05-13 12:07:16,1.4306706,118.65,BTC
2013-05-13 12:07:17,1.5,118.499,BTC
2013-05-13 12:16:51,1.0,118.0,BTC
2013-05-13 12:18:41,0.2808086,118.3,BTC
2013-05-13 12:25:14,1.0,117.5,BTC
2013-05-13 12:25:16,1.0,117.3,BTC
2013-05-13 12:25:16,1.9757925,117.75,BTC
2013-05-13 12:30:11,1.0,117.8,BTC
2013-05-13 12:30:13,1.0,117.6,BTC
2013-05-13 12:30:14,0.0118407,117.9,BTC
2013-05-13 12:30:15,1.0,117.4,BTC
2013-05-13 12:30:17,1.6454156000000002,117.76,BTC
2013-05-13 12:30:17,0.0143422,117.71,BTC
2013-05-13 12:30:18,1.0,117.2,BTC
2013-05-13 12:30:19,1.2982051,117.59,BTC
2013-05-13 12:30:20,0.1994079,117.501,BTC
2013-05-13 12:30:22,1.0,117.0,BTC
2013-05-13 12:30:23,0.0050302,117.454,BTC
2013-05-13 12:30:23,10.0,117.4,BTC
2013-05-13 12:30:25,1.0,116.9,BTC
2013-05-13 12:30:25,0.0253,117.331,BTC
2013-05-13 12:30:26,10.0,117.3,BTC
2013-05-13 12:30:27,0.025,117.278,BTC
2013-05-13 12:30:28,0.005,117.265,BTC
2013-05-13 12:30:29,0.005,117.222,BTC
2013-05-13 12:30:30,0.8514261000000001,116.87,BTC
2013-05-13 12:30:31,4.95,117.111,BTC
2013-05-13 12:30:32,0.8333333,117.107,BTC
2013-05-13 12:30:32,18.9905664,117.1,BTC
2013-05-13 12:30:33,0.0050302,117.091,BTC
2013-05-13 12:30:34,0.498,117.062,BTC
2013-05-13 12:30:35,0.1,116.55,BTC
2013-05-13 12:36:29,0.0138784,118.05,BTC
2013-05-13 12:36:29,25.097797,117.6,BTC
2013-05-13 12:36:30,1.6649078999999998,117.505,BTC
2013-05-13 12:36:30,10.04255,117.5,BTC
2013-05-13 12:36:30,0.1,117.448,BTC
2013-05-13 12:36:30,10.0,117.4,BTC
2013-05-13 12:36:31,0.00894,117.331,BTC
2013-05-13 12:36:31,10.0,117.3,BTC
2013-05-13 12:36:31,0.125,117.254,BTC
2013-05-13 12:36:32,0.005,117.222,BTC
2013-05-13 12:36:32,4.95,117.111,BTC
2013-05-13 12:36:33,0.8333333,117.107,BTC
2013-05-13 12:51:03,0.5,117.6,BTC
2013-05-13 13:14:13,0.2,117.01,BTC
2013-05-13 13:34:21,30.0,117.45,BTC
2013-05-13 13:36:30,0.6765952,117.0,BTC
2013-05-13 13:53:52,0.25,117.3,BTC
2013-05-13 13:54:20,0.2169345,117.4,BTC
2013-05-13 14:18:23,0.5,117.18,BTC
2013-05-13 14:28:29,0.34,117.4,BTC
2013-05-13 14:30:41,0.4017916,117.001,BTC
2013-05-13 14:31:41,0.9958934000000002,117.0,BTC
2013-05-13 14:48:08,0.1,116.912,BTC
2013-05-13 15:42:48,1.53,117.25,BTC
2013-05-13 16:10:53,10.0,116.55,BTC
2013-05-13 16:13:22,4.5,116.55,BTC
2013-05-13 16:40:37,0.4175,117.48,BTC
2013-05-13 16:44:34,0.7335,117.4,BTC
2013-05-13 17:09:10,1.7,116.55,BTC
2013-05-13 17:21:51,5.0,117.34,BTC
2013-05-13 17:27:05,0.7635064,117.599,BTC
2013-05-13 17:30:13,1.0,117.9,BTC
2013-05-13 19:06:12,1.0,117.0,BTC
2013-05-13 19:06:45,0.4362768,117.725,BTC
2013-05-13 19:14:37,0.5,117.725,BTC
2013-05-13 19:19:36,1.0,117.9,BTC
2013-05-13 19:20:03,0.6012486,117.73,BTC
2013-05-13 19:29:46,0.3867763,117.9,BTC
2013-05-13 19:31:06,0.07412769999999999,117.91,BTC
2013-05-13 19:34:42,0.25,117.143,BTC
2013-05-13 19:34:43,0.5,117.1,BTC
2013-05-13 19:41:47,9.6203579,117.39,BTC
2013-05-13 19:41:49,5.0,117.21,BTC
2013-05-13 19:41:50,0.5,117.196,BTC
2013-05-13 19:41:51,0.025,117.102,BTC
2013-05-13 19:41:53,3.0121994,116.55,BTC
2013-05-13 19:42:25,7.436959599999999,117.5,BTC
2013-05-13 19:42:27,2.5,117.01,BTC
2013-05-13 19:42:28,9.2502398,117.0,BTC
2013-05-13 19:46:58,1.33845,117.65,BTC
2013-05-13 19:46:59,1.7636998,117.39,BTC
2013-05-13 19:51:04,0.6489864000000001,117.639,BTC
2013-05-13 19:51:05,5.6146157,117.39,BTC
2013-05-13 20:20:02,19.2421569,117.0,BTC
2013-05-13 20:21:00,0.7578431,117.01,BTC
2013-05-13 20:38:01,12.225368,116.5,BTC
2013-05-13 20:39:40,5.774632,116.5,BTC
2013-05-13 20:41:16,0.75,116.5101,BTC
2013-05-13 20:42:05,0.25,116.51,BTC
2013-05-13 20:43:55,0.3629014,116.5,BTC
2013-05-13 20:44:23,0.59,116.51,BTC
2013-05-13 20:45:40,0.032021100000000004,116.5,BTC
2013-05-13 20:46:10,0.75,116.51,BTC
2013-05-13 20:46:40,0.75,116.51,BTC
2013-05-13 20:52:10,1.2786349,116.51,BTC
2013-05-13 20:52:48,2.0,116.1,BTC
2013-05-13 20:53:29,0.8,116.09,BTC
2013-05-13 20:53:30,3.0,116.0,BTC
2013-05-13 20:53:32,0.2,115.11,BTC
2013-05-13 20:53:35,2.76,115.0,BTC
2013-05-13 20:53:36,0.8772371999999999,115.05,BTC
2013-05-13 20:53:38,15.5906441,115.01,BTC
2013-05-13 20:53:39,0.1,114.99,BTC
2013-05-13 20:53:40,44.4738033,114.9,BTC
2013-05-13 20:53:41,1.42,114.73,BTC
2013-05-13 20:53:43,2.061,114.56,BTC
2013-05-13 20:53:45,0.4,114.54,BTC
2013-05-13 20:53:46,26.0421398,114.5,BTC
2013-05-13 20:53:47,1.5,114.48,BTC
2013-05-13 20:53:49,25.0,114.2,BTC
2013-05-13 20:53:51,3.0290631,114.35,BTC
2013-05-13 20:53:53,1.5,114.34,BTC
2013-05-13 20:53:55,6.1401575,114.3,BTC
2013-05-13 20:53:57,2.0,114.1,BTC
2013-05-13 20:53:59,0.1,114.07,BTC
2013-05-13 20:54:01,59.9886665,114.18,BTC
2013-05-13 20:54:43,1.0,116.0,BTC
2013-05-13 20:55:23,2.2,116.0,BTC
2013-05-13 20:55:24,0.2,116.0,BTC
2013-05-13 20:56:27,0.974,115.8,BTC
2013-05-13 20:56:28,3.097,115.87,BTC
2013-05-13 20:56:29,6.0,115.92,BTC
2013-05-13 20:56:30,5.0,115.98,BTC
2013-05-13 20:56:32,4.0,116.03,BTC
2013-05-13 20:56:43,0.5,115.39,BTC
2013-05-13 20:56:44,0.736,115.78,BTC
2013-05-13 20:56:46,0.3,116.0,BTC
2013-05-13 20:57:45,0.2,115.37,BTC
2013-05-13 20:57:54,0.7,115.0,BTC
2013-05-13 20:59:36,11.7551224,114.69,BTC
2013-05-13 21:02:51,0.5,115.84,BTC
2013-05-13 21:03:02,3.9158776,115.84,BTC
2013-05-13 21:03:27,1.0,115.84,BTC
2013-05-13 21:03:28,3.9791783,116.05,BTC
2013-05-13 21:03:29,4.95,116.025,BTC
2013-05-13 21:07:06,0.1,115.79,BTC
2013-05-13 21:07:17,0.1,115.2,BTC
2013-05-13 21:08:57,0.2149252,115.81,BTC
2013-05-13 21:08:58,5.8,115.92,BTC
2013-05-13 21:08:59,2.7510748,116.0,BTC
2013-05-13 21:34:59,10.0,116.0,BTC
2013-05-13 22:28:07,1.0,116.59,BTC
2013-05-13 22:28:32,0.7,115.68,BTC
2013-05-13 22:28:58,0.2,115.65,BTC
2013-05-13 22:28:59,0.1,115.52,BTC
2013-05-13 22:29:28,0.01,116.6,BTC
2013-05-13 22:44:14,0.3403,115.97,BTC
2013-05-13 22:44:39,1.0,115.97,BTC
2013-05-13 22:45:29,0.4403,115.97,BTC
2013-05-13 22:48:22,1.4475632,115.68,BTC
2013-05-13 22:48:23,0.2,115.65,BTC
2013-05-13 22:48:23,0.1,115.52,BTC
2013-05-13 22:48:23,2.037,115.42,BTC
2013-05-13 22:48:24,0.8622920000000001,115.4,BTC
2013-05-13 22:48:24,0.2,115.33,BTC
2013-05-13 22:48:25,0.8635579,115.28,BTC
2013-05-13 22:48:25,0.1,115.25,BTC
2013-05-13 22:48:27,0.1,115.15,BTC
2013-05-13 22:48:27,0.8664761000000001,115.02,BTC
2013-05-13 22:48:28,0.2,115.0,BTC
2013-05-13 22:48:28,0.05333330000000002,114.7,BTC
2013-05-13 22:49:47,0.3601651,115.97,BTC
2013-05-13 22:50:15,10.0,116.025,BTC
2013-05-13 22:50:15,0.1559,115.68,BTC
2013-05-13 22:50:16,0.5351,114.72,BTC
2013-05-13 22:51:05,9.0,116.025,BTC
2013-05-13 22:54:43,0.3601651,116.025,BTC
2013-05-13 22:54:43,1.7,115.88,BTC
2013-05-13 22:57:31,0.341,115.98,BTC
2013-05-13 22:58:55,0.08,117.1,BTC
2013-05-13 23:01:28,1.6734996,115.97,BTC
2013-05-13 23:01:29,5.0280613,116.0,BTC
2013-05-13 23:03:43,1.9475285,117.3,BTC
2013-05-13 23:05:40,0.88125,117.35,BTC
2013-05-13 23:12:05,0.86955,117.399,BTC
2013-05-13 23:32:04,0.2841229,117.5,BTC
2013-05-13 23:56:28,1.2544215,117.979,BTC
2013-05-14 00:26:24,0.0892043,117.811,BTC
2013-05-14 00:58:15,5.138306299999999,117.42,BTC
2013-05-14 01:03:04,2.9388482,117.42,BTC
2013-05-14 01:07:12,1.3315624,117.4,BTC
2013-05-14 01:22:47,0.2931,117.75,BTC
2013-05-14 01:31:00,0.1,117.75,BTC
2013-05-14 01:31:39,0.15,117.2,BTC
2013-05-14 01:32:34,0.12,117.2,BTC
2013-05-14 01:42:48,0.2,117.2,BTC
2013-05-14 03:01:04,0.28868320000000003,117.819,BTC
2013-05-14 03:07:34,0.07585750000000001,117.2,BTC
2013-05-14 03:15:53,0.5,116.44,BTC
2013-05-14 03:23:35,0.042,117.97,BTC
2013-05-14 03:28:31,4.039901,117.5,BTC
2013-05-14 04:14:13,0.08772519999999999,117.886,BTC
2013-05-14 04:17:54,20.6059745,117.75,BTC
2013-05-14 04:17:55,0.2,117.95,BTC
2013-05-14 04:17:56,0.3,117.99,BTC
2013-05-14 04:17:57,0.5,118.0,BTC
2013-05-14 04:17:59,25.0,118.05,BTC
2013-05-14 04:18:38,0.2,118.1016,BTC
2013-05-14 05:21:08,1.8470801,118.0,BTC
2013-05-14 05:21:37,0.5527,117.81,BTC
2013-05-14 05:39:14,0.1,117.1,BTC
2013-05-14 05:59:46,0.4,118.19,BTC
2013-05-14 06:06:20,0.5,117.542,BTC
2013-05-14 06:37:35,0.8729,118.209,BTC
2013-05-14 06:38:11,0.0688184,118.211,BTC
2013-05-14 06:52:51,0.2305,118.99,BTC
2013-05-14 07:44:57,0.03,118.0,BTC
2013-05-14 08:20:37,39.9502,117.6,BTC
2013-05-14 08:20:37,0.1,117.508,BTC
2013-05-14 08:20:38,0.1,117.5,BTC
2013-05-14 08:26:44,3.85,118.1,BTC
2013-05-14 08:26:45,1.5311008999999998,117.8,BTC
2013-05-14 08:26:46,3.5,117.9,BTC
2013-05-14 08:26:47,0.5,117.959,BTC
2013-05-14 08:26:48,1.995,118.5,BTC
2013-05-14 08:26:49,50.0,118.5,BTC
2013-05-14 08:26:50,0.5,118.09,BTC
2013-05-14 08:26:52,0.1,118.66,BTC
2013-05-14 08:26:52,16.40925,118.2,BTC
2013-05-14 08:26:53,1.9112265,118.25,BTC
2013-05-14 08:26:54,0.9702319,118.29,BTC
2013-05-14 08:26:54,12.8442806,118.3,BTC
2013-05-14 08:26:55,0.1,118.311,BTC
2013-05-14 08:26:55,4.2685289000000015,118.319,BTC
2013-05-14 08:26:56,1.0,118.8,BTC
2013-05-14 08:26:57,3.57875,118.36,BTC
2013-05-14 08:26:58,0.2,118.85,BTC
2013-05-14 08:26:58,0.1,118.385,BTC
2013-05-14 08:27:00,0.7511093000000001,118.4,BTC
2013-05-14 08:27:00,0.025,118.42,BTC
2013-05-14 08:27:02,2.0,118.9,BTC
2013-05-14 08:27:02,0.117,118.43,BTC
2013-05-14 08:27:03,0.005,118.445,BTC
2013-05-14 08:27:04,0.5,118.449,BTC
2013-05-14 08:27:04,10.0,118.45,BTC
2013-05-14 08:27:05,0.1,118.467,BTC
2013-05-14 08:27:06,0.1,118.469,BTC
2013-05-14 08:27:06,0.0056941000000000005,118.487,BTC
2013-05-14 08:27:07,0.0167951,118.488,BTC
2013-05-14 08:27:07,0.0268708,118.495,BTC
2013-05-14 08:27:09,36.1672,118.97,BTC
2013-05-14 08:28:45,0.5792884,118.3,BTC
2013-05-14 08:28:45,0.1,118.311,BTC
2013-05-14 08:28:46,1.1948417,118.319,BTC
2013-05-14 08:51:38,1.0,118.3,BTC
2013-05-14 08:51:40,1.0,118.5,BTC
2013-05-14 08:51:41,2.7665,118.218,BTC
2013-05-14 08:51:42,1.0,118.7,BTC
2013-05-14 08:52:11,1.0,118.239,BTC
2013-05-14 09:28:44,2.4381368,118.1,BTC
2013-05-14 09:30:22,2.4130578,118.1,BTC
2013-05-14 09:47:21,2.0,118.15,BTC
2013-05-14 10:11:03,38.834978,119.0,BTC
2013-05-14 10:11:19,0.5125,119.0,BTC
2013-05-14 10:11:22,10.0,119.0,BTC
2013-05-14 10:11:23,0.4,119.2,BTC
2013-05-14 10:11:24,2.2625411,119.009,BTC
2013-05-14 10:11:24,0.0166667,119.018,BTC
2013-05-14 10:11:25,0.0149381,119.044,BTC
2013-05-14 10:11:26,0.0317955,119.048,BTC
2013-05-14 10:11:26,0.089613,119.068,BTC
2013-05-14 10:11:27,11.9372753,119.1,BTC
2013-05-14 10:11:28,0.5,119.11,BTC
2013-05-14 10:11:28,0.1007381,119.124,BTC
2013-05-14 10:11:29,0.25,119.13,BTC
2013-05-14 10:11:30,1.6783715,119.142,BTC
2013-05-14 10:11:31,0.0367511,119.161,BTC
2013-05-14 10:11:31,0.0053698,119.191,BTC
2013-05-14 10:11:32,14.541017300000002,119.2,BTC
2013-05-14 10:11:33,0.1296458,119.22,BTC
2013-05-14 10:11:34,50.0,119.7,BTC
2013-05-14 10:11:35,0.1,119.24,BTC
2013-05-14 10:11:35,0.0341051,119.262,BTC
2013-05-14 10:11:36,0.0317955,119.269,BTC
2013-05-14 10:11:37,0.1,119.749,BTC
2013-05-14 10:11:38,0.012425,119.277,BTC
2013-05-14 10:11:39,0.01249,119.284,BTC
2013-05-14 10:11:40,0.8145,119.3,BTC
2013-05-14 10:11:52,0.57,118.5,BTC
2013-05-14 10:12:45,3.6617064,119.0,BTC
2013-05-14 10:13:56,3.4287995,119.0,BTC
2013-05-14 10:14:47,9.8564282,119.0,BTC
2013-05-14 10:17:01,0.03475,119.28,BTC
2013-05-14 10:17:02,5.0,119.8,BTC
2013-05-14 10:17:26,0.14,119.0,BTC
2013-05-14 10:17:56,1.0,118.9,BTC
2013-05-14 10:17:57,1.0,118.7,BTC
2013-05-14 10:17:58,2.6761507,119.01,BTC
2013-05-14 10:19:11,21.4113055,119.03,BTC
2013-05-14 10:19:12,36.65324310000001,119.0,BTC
2013-05-14 10:20:53,0.9,119.0,BTC
2013-05-14 10:20:56,0.99,119.01,BTC
2013-05-14 10:26:57,9.8899812,119.02,BTC
2013-05-14 10:36:03,6.0,119.0,BTC
2013-05-14 10:36:19,2.0,119.0,BTC
2013-05-14 11:03:52,0.43763,119.0,BTC
2013-05-14 11:05:06,0.005370399999999999,119.199,BTC
2013-05-14 11:06:04,4.9946296,119.2,BTC
2013-05-14 11:10:10,1.9169,119.5,BTC
2013-05-14 11:11:05,9.9688577,119.5,BTC
2013-05-14 11:26:33,0.57,119.44,BTC
2013-05-14 11:29:09,0.0050505,118.88,BTC
2013-05-14 11:29:09,0.0050505,118.86,BTC
2013-05-14 11:29:09,0.0050505,118.84,BTC
2013-05-14 11:29:10,0.0050505,118.82,BTC
2013-05-14 11:29:10,0.0050505,118.8,BTC
2013-05-14 11:29:10,0.005,118.701,BTC
2013-05-14 11:29:10,7.28238918,118.7,BTC
2013-05-14 11:53:55,3.92,119.0,BTC
2013-05-14 12:11:14,1.2321548999999998,118.9,BTC
2013-05-14 12:15:49,0.3901121,117.72,BTC
2013-05-14 12:15:50,1.7020123,117.77,BTC
2013-05-14 12:15:50,3.07,117.81,BTC
2013-05-14 12:15:51,1.4737006,117.88,BTC
2013-05-14 12:15:52,6.1733482,117.9,BTC
2013-05-14 12:16:07,10.0,117.39,BTC
2013-05-14 12:16:09,0.2,117.41,BTC
2013-05-14 12:17:26,4.2795097,118.889,BTC
2013-05-14 12:19:51,19.0,118.89,BTC
2013-05-14 12:41:49,1.0,119.44,BTC
2013-05-14 13:00:56,0.3,119.49,BTC
2013-05-14 13:06:54,0.2410697,119.13,BTC
2013-05-14 13:06:55,5.6957953,119.11,BTC
2013-05-14 13:06:55,30.4127312,119.0,BTC
2013-05-14 13:06:56,0.00514,118.98,BTC
2013-05-14 13:06:56,4.2051264,118.902,BTC
2013-05-14 13:06:57,27.7056203,118.85,BTC
2013-05-14 13:06:57,40.8929133,118.82,BTC
2013-05-14 13:06:58,4.652579,118.8,BTC
2013-05-14 13:06:58,1.7455,118.701,BTC
2013-05-14 13:06:59,0.15971670000000002,118.692,BTC
2013-05-14 13:07:00,0.15,118.65,BTC
2013-05-14 13:07:00,17.2252144,118.6,BTC
2013-05-14 13:07:01,0.0050505,118.57,BTC
2013-05-14 13:07:02,0.063425,118.55,BTC
2013-05-14 13:07:02,0.0050505,118.54,BTC
2013-05-14 13:07:03,0.0050505,118.52,BTC
2013-05-14 13:07:03,34.628963,118.5,BTC
2013-05-14 13:07:04,0.5,118.49,BTC
2013-05-14 13:07:05,0.1,118.474,BTC
2013-05-14 13:07:05,0.1,118.46,BTC
2013-05-14 13:07:06,0.005,118.44,BTC
2013-05-14 13:07:07,2.92285,118.44,BTC
2013-05-14 13:07:07,0.16072020000000006,118.391,BTC
2013-05-14 13:07:08,0.0050505,118.38,BTC
2013-05-14 13:07:09,0.0050505,118.36,BTC
2013-05-14 13:07:09,0.0050505,118.35,BTC
2013-05-14 13:07:10,0.0050505,118.34,BTC
2013-05-14 13:07:10,0.0050505,118.33,BTC
2013-05-14 13:07:11,0.0050505,118.32,BTC
2013-05-14 13:07:12,0.968,118.305,BTC
2013-05-14 13:07:12,25.5,118.3,BTC
2013-05-14 13:07:13,0.005,118.253,BTC
2013-05-14 13:07:14,0.01,118.24,BTC
2013-05-14 13:07:14,0.046554000000000005,118.209,BTC
2013-05-14 13:07:15,0.0424445,118.188,BTC
2013-05-14 13:07:15,0.0050505,118.181,BTC
2013-05-14 13:07:16,0.0050505,118.171,BTC
2013-05-14 13:07:17,0.1,118.159,BTC
2013-05-14 13:07:18,0.0050505,118.151,BTC
2013-05-14 13:07:18,0.0050505,118.131,BTC
2013-05-14 13:07:19,2.5,118.121,BTC
2013-05-14 13:07:19,0.0050505,118.111,BTC
2013-05-14 13:07:20,0.0600505,118.101,BTC
2013-05-14 13:07:20,6.0,118.1,BTC
2013-05-14 13:07:21,0.3177427,118.02,BTC
2013-05-14 13:07:22,0.0153242,118.011,BTC
2013-05-14 13:07:22,0.005,118.006,BTC
2013-05-14 13:07:23,0.01,118.0,BTC
2013-05-14 13:07:24,0.07473060000000001,117.973,BTC
2013-05-14 13:07:25,0.07494289999999999,117.965,BTC
2013-05-14 13:07:26,0.2,117.48,BTC
2013-05-14 13:07:27,0.0057901,117.924,BTC
2013-05-14 13:07:29,1.4485,117.884,BTC
2013-05-14 13:07:29,1.355,117.811,BTC
2013-05-14 13:07:30,0.0103376,117.793,BTC
2013-05-14 13:07:31,0.2,117.3,BTC
2013-05-14 13:07:32,0.005,117.759,BTC
2013-05-14 13:07:33,0.005,117.74,BTC
2013-05-14 13:07:33,5.0,117.721,BTC
2013-05-14 13:07:34,49.8931,117.7,BTC
2013-05-14 13:07:35,0.055,117.66,BTC
2013-05-14 13:07:35,37.39767370000001,117.6,BTC
2013-05-14 13:09:25,1.0,119.49,BTC
2013-05-14 14:01:52,0.9151273,119.49,BTC
2013-05-14 14:05:11,0.402393,119.3,BTC
2013-05-14 14:05:45,2.056894,119.49,BTC
2013-05-14 14:06:43,1.556894,119.49,BTC
2013-05-14 14:07:14,0.1,119.3,BTC
2013-05-14 14:11:33,0.9728895,119.45,BTC
2013-05-14 14:17:23,13.5559574,119.494,BTC
2013-05-14 14:30:40,0.98,119.49,BTC
2013-05-14 14:44:25,0.025,119.095,BTC
2013-05-14 14:44:25,0.4949782999999999,119.047,BTC
2013-05-14 14:44:25,18.62477653,119.0,BTC
2013-05-14 15:19:04,1.6507214,119.437,BTC
2013-05-14 15:20:59,1.4715311000000002,119.437,BTC
2013-05-14 15:22:47,1.3070811000000002,119.437,BTC
2013-05-14 15:30:17,1.9762813,119.489,BTC
2013-05-14 15:30:32,1.0,119.4,BTC
2013-05-14 15:36:04,1.0,119.4,BTC
2013-05-14 15:37:06,1.0,119.4,BTC
2013-05-14 15:37:40,15.6,119.4,BTC
2013-05-14 15:37:55,1.1034386,119.479,BTC
2013-05-14 15:39:48,0.9754942,119.479,BTC
2013-05-14 15:49:29,1.0,119.4,BTC
2013-05-14 15:52:07,5.0,119.41,BTC
2013-05-14 15:52:56,5.0,119.41,BTC
2013-05-14 15:53:55,5.0,119.41,BTC
2013-05-14 15:54:25,1.6458155,119.42,BTC
2013-05-14 15:54:56,4.1544932,119.41,BTC
2013-05-14 15:55:54,0.1430124,119.41,BTC
2013-05-14 15:56:55,0.2337627,119.41,BTC
2013-05-14 15:57:56,0.0514477,119.41,BTC
2013-05-14 15:59:40,0.0970261,119.494,BTC
2013-05-14 16:00:41,0.0915145,119.494,BTC
2013-05-14 16:01:12,20.0,119.4,BTC
2013-05-14 16:06:25,1.0,119.4,BTC
2013-05-14 16:08:38,1.64e-05,119.499,BTC
2013-05-14 16:12:10,0.1186324,119.51,BTC
2013-05-14 16:13:20,0.1367671,119.4,BTC
2013-05-14 16:20:13,0.625,119.2,BTC
2013-05-14 16:25:51,1.0,119.4,BTC
2013-05-14 16:31:05,1.0,119.4,BTC
2013-05-14 16:34:41,0.6141890999999999,119.695,BTC
2013-05-14 16:35:39,0.31418909999999994,119.695,BTC
2013-05-14 16:37:37,0.1846309,119.695,BTC
2013-05-14 16:38:37,0.1621309,119.695,BTC
2013-05-14 16:38:54,0.125,119.43,BTC
2013-05-14 16:39:25,0.5,119.5,BTC
2013-05-14 16:39:56,3.4508051,119.5,BTC
2013-05-14 16:40:26,0.125,119.43,BTC
2013-05-14 16:43:31,1.0,119.4,BTC
2013-05-14 16:43:47,2.0300331000000003,119.652,BTC
2013-05-14 16:44:47,2.0300331000000003,119.652,BTC
2013-05-14 16:45:04,18.0,119.4,BTC
2013-05-14 16:45:35,0.2,119.4,BTC
2013-05-14 16:49:29,2.4271189,119.6,BTC
2013-05-14 17:00:48,2.8950169,119.699,BTC
2013-05-14 17:29:20,0.1,119.06,BTC
2013-05-14 17:32:01,3.38,119.05,BTC
2013-05-14 17:41:41,64.8236091,119.073,BTC
2013-05-14 17:41:42,0.5959949999999999,119.07,BTC
2013-05-14 17:41:42,0.3,118.49,BTC
2013-05-14 17:41:43,3.0,118.35,BTC
2013-05-14 17:41:44,0.1,118.755,BTC
2013-05-14 17:41:44,0.1,118.742,BTC
2013-05-14 17:41:45,4.5,118.7,BTC
2013-05-14 17:41:46,0.1,118.68,BTC
2013-05-14 17:41:46,0.07716160000000001,118.665,BTC
2013-05-14 17:41:47,0.1,118.63,BTC
2013-05-14 17:41:47,0.64415,118.6,BTC
2013-05-14 17:41:48,0.1,118.591,BTC
2013-05-14 17:41:50,2.5,118.501,BTC
2013-05-14 17:41:50,0.46,118.499,BTC
2013-05-14 17:41:51,22.5617009,118.45,BTC
2013-05-14 17:41:51,0.1,118.427,BTC
2013-05-14 17:41:52,0.9577664,118.4,BTC
2013-05-14 17:41:52,0.16,118.35,BTC
2013-05-14 17:41:53,0.1627125,118.305,BTC
2013-05-14 17:41:54,0.25,118.27,BTC
2013-05-14 17:41:54,0.26321350000000004,118.237,BTC
2013-05-14 17:41:55,0.3369153,118.21,BTC
2013-05-14 17:50:30,7.3378012,118.811,BTC
2013-05-14 17:57:10,30.0,119.0,BTC
2013-05-14 18:20:43,1.0,119.39,BTC
2013-05-14 18:26:50,4.88,118.5,BTC
2013-05-14 18:27:05,0.46,118.499,BTC
2013-05-14 18:55:48,2.0,118.513,BTC
2013-05-14 19:09:39,0.55,118.59,BTC
2013-05-14 19:09:40,3.8585654,118.5,BTC
2013-05-14 19:09:43,30.4,117.91,BTC
2013-05-14 19:09:43,38.883189,118.1,BTC
2013-05-14 19:09:44,24.0,118.09,BTC
2013-05-14 19:09:45,24.0,118.08,BTC
2013-05-14 19:09:45,24.0,118.06,BTC
2013-05-14 19:09:46,4.4787385,118.05,BTC
2013-05-14 19:11:52,0.5,118.8,BTC
2013-05-14 19:26:28,20.0,118.5,BTC
2013-05-14 19:38:27,1.0,118.65,BTC
2013-05-14 19:43:56,10.0,118.55,BTC
2013-05-14 19:49:05,9.0,118.1,BTC
2013-05-14 19:51:03,10.0,117.55,BTC
2013-05-14 19:51:23,0.3,117.35,BTC
2013-05-14 19:51:40,5.0,117.0,BTC
2013-05-14 19:52:14,25.0,117.1,BTC
2013-05-14 19:52:46,0.3,116.9,BTC
2013-05-14 19:53:15,0.1,117.0,BTC
2013-05-14 19:53:17,0.1,116.9,BTC
2013-05-14 19:53:19,23.5,116.55,BTC
2013-05-14 19:53:22,15.0,116.5,BTC
2013-05-14 19:53:25,392.5950325,116.5,BTC
2013-05-14 19:53:27,0.57,116.21,BTC
2013-05-14 19:54:02,1.0,116.4,BTC
2013-05-14 19:55:20,0.43,116.21,BTC
2013-05-14 19:55:22,0.3,116.2,BTC
2013-05-14 19:55:24,10.0,116.0,BTC
2013-05-14 19:55:26,2.0,116.0,BTC
2013-05-14 19:55:28,2.0,115.9,BTC
2013-05-14 19:55:30,4.5,115.6,BTC
2013-05-14 19:55:32,2.0,115.5,BTC
2013-05-14 19:55:34,0.3,115.49,BTC
2013-05-14 19:55:35,0.29145,115.93,BTC
2013-05-14 19:55:36,0.1710867,115.915,BTC
2013-05-14 19:55:38,0.0441,115.9,BTC
2013-05-14 19:55:39,0.0863,115.897,BTC
2013-05-14 19:55:41,5.0,115.4,BTC
2013-05-14 19:55:59,0.36,115.51,BTC
2013-05-14 19:56:00,2.15,115.5,BTC
2013-05-14 19:56:13,0.028030000000000003,116.48,BTC
2013-05-14 19:56:15,0.3,115.3,BTC
2013-05-14 19:56:17,1.01200781,115.2,BTC
2013-05-14 19:56:19,14.0,115.0,BTC
2013-05-14 19:56:21,1.61888479,115.0,BTC
2013-05-14 19:56:45,3.38111521,115.0,BTC
2013-05-14 19:56:46,0.3,114.99,BTC
2013-05-14 19:56:47,19.23,115.1,BTC
2013-05-14 19:56:47,5.5392939000000005,115.05,BTC
2013-05-14 19:56:48,19.646258300000003,115.0,BTC
2013-05-14 19:56:49,50.0,114.75,BTC
2013-05-14 19:56:49,0.1,114.88,BTC
2013-05-14 19:56:50,0.4,114.81,BTC
2013-05-14 19:56:50,0.1,114.79,BTC
2013-05-14 19:56:51,0.2,114.6,BTC
2013-05-14 19:56:52,6.66,114.68,BTC
2013-05-14 19:56:52,0.1371902,114.62,BTC
2013-05-14 19:56:53,0.4,114.55,BTC
2013-05-14 19:56:53,0.4,114.53,BTC
2013-05-14 19:56:54,1.787,114.51,BTC
2013-05-14 19:56:54,0.4,114.43,BTC
2013-05-14 19:56:55,0.4,114.39,BTC
2013-05-14 19:56:56,0.4,114.37,BTC
2013-05-14 19:56:57,0.4,114.32,BTC
2013-05-14 19:56:58,0.5014873,114.3,BTC
2013-05-14 19:56:59,0.66322729,114.1,BTC
2013-05-14 19:57:16,12.079802,115.0,BTC
2013-05-14 19:57:58,1.0,115.0,BTC
2013-05-14 19:58:08,1.0,114.64,BTC
2013-05-14 19:58:10,3.1406,114.15,BTC
2013-05-14 19:58:31,21.2536,115.0,BTC
2013-05-14 19:58:52,3.7464,114.5,BTC
2013-05-14 19:59:34,4.0,114.7,BTC
2013-05-14 19:59:55,0.8594,114.15,BTC
2013-05-14 19:59:57,4.30382729,114.0,BTC
2013-05-14 19:59:59,20.0,114.0,BTC
2013-05-14 20:00:00,4.574246499999999,114.05,BTC
2013-05-14 20:00:02,20.9669443,114.03,BTC
2013-05-14 20:00:04,12.2832575,114.0,BTC
2013-05-14 20:00:05,0.4,113.92,BTC
2013-05-14 20:00:05,0.4,113.9,BTC
2013-05-14 20:00:06,0.09,114.173,BTC
2013-05-14 20:00:06,0.005593600000000001,114.169,BTC
2013-05-14 20:00:07,0.005,114.156,BTC
2013-05-14 20:00:07,5.3540950999999986,114.14,BTC
2013-05-14 20:00:08,3.5848116,113.85,BTC
2013-05-14 20:00:08,1.775,114.123,BTC
2013-05-14 20:00:10,1.0635451,114.12,BTC
2013-05-14 20:00:33,0.885,114.06,BTC
2013-05-14 20:00:34,4.2273901,114.031,BTC
2013-05-14 20:00:45,0.15,114.03,BTC
2013-05-14 20:00:46,0.005,114.026,BTC
2013-05-14 20:00:48,0.013925299999999998,114.017,BTC
2013-05-14 20:00:49,1.0,114.011,BTC
2013-05-14 20:00:51,1.0,114.02,BTC
2013-05-14 20:01:28,0.029072900000000006,114.03,BTC
2013-05-14 20:01:29,0.005,113.99,BTC
2013-05-14 20:01:31,0.09,113.983,BTC
2013-05-14 20:01:32,0.005,113.972,BTC
2013-05-14 20:01:33,0.7393420999999999,113.96,BTC
2013-05-14 20:02:00,1.0,113.5,BTC
2013-05-14 20:02:10,0.5,117.0,BTC
2013-05-14 20:02:13,3.0,117.9,BTC
2013-05-14 20:02:15,0.3,117.99,BTC
2013-05-14 20:02:16,0.3,118.99,BTC
2013-05-14 20:02:18,1.0,119.0,BTC
2013-05-14 20:02:29,14.0,113.5,BTC
2013-05-14 20:02:31,1.0,113.44,BTC
2013-05-14 20:02:33,0.48,113.24,BTC
2013-05-14 20:03:02,10.0,113.12,BTC
2013-05-14 20:03:51,1.5,113.39,BTC
2013-05-14 20:03:52,0.2,113.28,BTC
2013-05-14 20:03:54,8.0,113.01,BTC
2013-05-14 20:03:56,1.0,113.0,BTC
2013-05-14 20:03:59,3.3909304,113.0,BTC
2013-05-14 20:04:09,0.2183519,113.5,BTC
2013-05-14 20:04:19,10.0,113.0,BTC
2013-05-14 20:04:30,1.8908878,113.0,BTC
2013-05-14 20:04:41,1.5,113.39,BTC
2013-05-14 20:04:43,0.2,113.28,BTC
2013-05-14 20:04:43,0.3858295,113.17,BTC
2013-05-14 20:04:46,1.8,113.0,BTC
2013-05-14 20:05:17,17.0958038,113.0,BTC
2013-05-14 20:05:26,1.0,113.0,BTC
2013-05-14 20:05:44,1.5,113.1,BTC
2013-05-14 20:06:04,13.3670198,112.9,BTC
2013-05-14 20:06:14,20.0,113.0,BTC
2013-05-14 20:06:15,1.0,113.0,BTC
2013-05-14 20:06:27,1.5,113.0,BTC
2013-05-14 20:06:30,50.0,113.0,BTC
2013-05-14 20:06:41,0.005,112.965,BTC
2013-05-14 20:06:43,8.0,113.01,BTC
2013-05-14 20:06:54,2.0,112.78,BTC
2013-05-14 20:07:06,12.5511063,113.0,BTC
2013-05-14 20:07:18,4.277,112.99,BTC
2013-05-14 20:07:44,0.5928904,112.41,BTC
2013-05-14 20:07:44,1.0,112.54,BTC
2013-05-14 20:07:55,5.591921299999999,112.8,BTC
2013-05-14 20:07:56,0.005,112.965,BTC
2013-05-14 20:07:58,10.0,113.0,BTC
2013-05-14 20:08:10,34.66945,112.0,BTC
2013-05-14 20:08:11,3.3816554,113.0,BTC
2013-05-14 20:08:25,0.005,112.49,BTC
2013-05-14 20:08:25,0.9899858,112.84,BTC
2013-05-14 20:08:26,0.0171008,112.902,BTC
2013-05-14 20:08:26,0.00994,112.99,BTC
2013-05-14 20:08:50,0.1,112.421,BTC
2013-05-14 20:08:51,0.005,112.463,BTC
2013-05-14 20:08:51,0.005,112.662,BTC
2013-05-14 20:08:52,0.1085105,112.868,BTC
2013-05-14 20:08:52,0.005,112.965,BTC
2013-05-14 20:08:54,1.0,113.0,BTC
2013-05-14 20:08:57,1.0,112.135,BTC
2013-05-14 20:09:08,0.1,113.0,BTC
2013-05-14 20:09:11,1.0,113.0,BTC
2013-05-14 20:09:12,10.5,112.51,BTC
2013-05-14 20:09:25,0.01149,111.474,BTC
2013-05-14 20:09:25,0.2278446,112.3,BTC
2013-05-14 20:09:26,0.0136309,112.663,BTC
2013-05-14 20:09:26,0.0171008,112.902,BTC
2013-05-14 20:09:27,0.00994,112.99,BTC
2013-05-14 20:09:29,0.1,113.0,BTC
2013-05-14 20:09:43,45.1316893,111.0,BTC
2013-05-14 20:09:44,0.1,112.421,BTC
2013-05-14 20:09:44,0.005,112.463,BTC
2013-05-14 20:09:45,0.005,112.662,BTC
2013-05-14 20:09:46,0.005,112.912,BTC
2013-05-14 20:09:46,16.7198393,113.0,BTC
2013-05-14 20:10:01,25.0,112.02,BTC
2013-05-14 20:10:02,0.909,112.76,BTC
2013-05-14 20:10:02,10.5,112.51,BTC
2013-05-14 20:10:18,0.5382130999999999,112.05,BTC
2013-05-14 20:10:19,0.0136309,112.663,BTC
2013-05-14 20:10:19,0.0171008,112.902,BTC
2013-05-14 20:10:20,0.00994,112.99,BTC
2013-05-14 20:10:22,0.1,113.0,BTC
2013-05-14 20:10:34,35.8387802,112.435,BTC
2013-05-14 20:10:34,0.0125,112.542,BTC
2013-05-14 20:10:35,0.005,112.662,BTC
2013-05-14 20:10:37,1.0,113.0,BTC
2013-05-14 20:10:54,0.005,112.49,BTC
2013-05-14 20:10:55,0.1085105,112.868,BTC
2013-05-14 20:10:55,0.005,112.965,BTC
2013-05-14 20:11:34,0.1,113.0,BTC
2013-05-14 20:12:05,7.9491239,113.0,BTC
2013-05-14 20:12:25,0.0061828,112.5,BTC
2013-05-14 20:12:46,1.0,112.5,BTC
2013-05-14 20:13:00,20.0,113.5,BTC
2013-05-14 20:13:04,6.0,112.19,BTC
2013-05-14 20:14:03,0.646554,111.99,BTC
2013-05-14 20:14:04,19.975,112.421,BTC
2013-05-14 20:14:15,1.0,112.12,BTC
2013-05-14 20:14:41,11.5254364,112.01,BTC
2013-05-14 20:15:01,20.0,111.99,BTC
2013-05-14 20:15:39,0.005,112.5,BTC
2013-05-14 20:15:39,0.0136833,112.663,BTC
2013-05-14 20:15:39,0.08832050000000001,112.843,BTC
2013-05-14 20:15:41,0.038407599999999986,113.074,BTC
2013-05-14 20:15:42,0.1,113.2,BTC
2013-05-14 20:15:43,0.08929839999999999,113.249,BTC
2013-05-14 20:15:44,0.05,113.269,BTC
2013-05-14 20:15:57,145.8224299,114.49,BTC
2013-05-14 20:15:59,3.0,113.35,BTC
2013-05-14 20:16:00,0.0098284,113.462,BTC
2013-05-14 20:16:00,10.6166315,113.5,BTC
2013-05-14 20:16:01,0.125,113.69,BTC
2013-05-14 20:16:02,2.5641551,113.8,BTC
2013-05-14 20:16:02,0.0136309,113.869,BTC
2013-05-14 20:16:03,0.005,113.912,BTC
2013-05-14 20:16:04,0.0442002,113.939,BTC
2013-05-14 20:16:05,0.1,113.965,BTC
2013-05-14 20:16:05,0.010197,113.994,BTC
2013-05-14 20:16:24,5.1955652,115.0,BTC
2013-05-14 20:16:26,1.0,114.17,BTC
2013-05-14 20:16:28,2.5,115.9,BTC
2013-05-14 20:16:30,1.0,116.98,BTC
2013-05-14 20:16:42,0.2611019,113.02,BTC
2013-05-14 20:16:43,0.0030906,114.031,BTC
2013-05-14 20:16:44,0.0433175,114.09,BTC
2013-05-14 20:16:54,0.5092,113.76,BTC
2013-05-14 20:17:23,0.9900061,114.07,BTC
2013-05-14 20:17:24,2.5,114.43,BTC
2013-05-14 20:17:24,0.012425,114.162,BTC
2013-05-14 20:17:24,0.0053956,114.296,BTC
2013-05-14 20:17:25,0.2536877,114.309,BTC
2013-05-14 20:17:25,0.005,114.329,BTC
2013-05-14 20:17:26,0.089613,114.346,BTC
2013-05-14 20:17:26,0.0102756,114.384,BTC
2013-05-14 20:17:27,0.0132046,114.414,BTC
2013-05-14 20:17:27,0.0137359,114.462,BTC
2013-05-14 20:17:28,0.0061325,114.5,BTC
2013-05-14 20:17:28,0.005,114.57,BTC
2013-05-14 20:17:29,0.089613,114.585,BTC
2013-05-14 20:17:29,1.60034,114.64,BTC
2013-05-14 20:17:30,0.0124748,114.666,BTC
2013-05-14 20:17:31,11.4427509,115.0,BTC
2013-05-14 20:17:44,8.6467665,113.0,BTC
2013-05-14 20:17:45,0.3532335,112.8,BTC
2013-05-14 20:17:48,4.719770400000002,112.5,BTC
2013-05-14 20:17:50,3.1145400000000003,112.1,BTC
2013-05-14 20:17:52,0.1,112.07,BTC
2013-05-14 20:17:54,1.0,112.18,BTC
2013-05-14 20:18:07,0.2,114.1,BTC
2013-05-14 20:18:16,5.602517099999999,114.0,BTC
2013-05-14 20:19:22,1.0,114.0,BTC
2013-05-14 20:20:17,0.0433175,114.09,BTC
2013-05-14 20:21:08,0.0332465,115.2,BTC
2013-05-14 20:21:57,0.4525,113.82,BTC
2013-05-14 20:23:22,1.9803067,114.76,BTC
2013-05-14 20:23:22,1.0,115.0,BTC
2013-05-14 20:23:44,5.0,114.0,BTC
2013-05-14 20:24:10,11.0,114.5,BTC
2013-05-14 20:24:21,2.2968488,114.545,BTC
2013-05-14 20:24:21,7.5531512,114.55,BTC
2013-05-14 20:24:42,10.0100052,114.712,BTC
2013-05-14 20:24:55,18.155382,115.2,BTC
2013-05-14 20:24:56,3.5,114.76,BTC
2013-05-14 20:25:07,14.8,114.78,BTC
2013-05-14 20:25:17,10.0,114.8,BTC
2013-05-14 20:25:37,1.0,115.5,BTC
2013-05-14 20:25:38,0.9899723,115.68,BTC
2013-05-14 20:25:39,18.0199999,115.68,BTC
2013-05-14 20:26:38,87.3158448,115.68,BTC
2013-05-14 20:26:39,0.0103548,115.736,BTC
2013-05-14 20:26:41,0.1,115.799,BTC
2013-05-14 20:26:42,0.0138417,115.842,BTC
2013-05-14 20:26:43,25.0,115.9,BTC
2013-05-14 20:26:45,0.013242600000000002,115.926,BTC
2013-05-14 20:26:46,17.5,115.94,BTC
2013-05-14 20:26:47,0.089613,115.987,BTC
2013-05-14 20:26:49,50.3323766,116.0,BTC
2013-05-14 20:26:52,0.089613,116.011,BTC
2013-05-14 20:26:54,0.0901111,116.029,BTC
2013-05-14 20:26:55,0.5394,116.06,BTC
2013-05-14 20:26:56,0.089613,116.096,BTC
2013-05-14 20:26:57,0.005,116.125,BTC
2013-05-14 20:26:59,0.4397357,116.44,BTC
2013-05-14 20:27:00,0.012625399999999998,116.178,BTC
2013-05-14 20:27:01,0.0103548,116.193,BTC
2013-05-14 20:27:03,17.9669685,116.22,BTC
2013-05-14 20:27:21,0.0017629000000000004,116.3,BTC
2013-05-14 20:27:23,1.0,116.028,BTC
2013-05-14 20:27:37,0.025,115.996,BTC
2013-05-14 20:27:39,8.971589999999997,116.238,BTC
2013-05-14 20:27:48,0.455,115.88,BTC
2013-05-14 20:27:50,0.089613,116.011,BTC
2013-05-14 20:27:51,0.0901111,116.029,BTC
2013-05-14 20:27:53,0.089613,116.096,BTC
2013-05-14 20:27:55,0.005,116.125,BTC
2013-05-14 20:27:57,0.1,116.172,BTC
2013-05-14 20:27:58,0.1,116.47,BTC
2013-05-14 20:28:00,0.0103548,116.193,BTC
2013-05-14 20:28:27,1.0,116.01,BTC
2013-05-14 20:28:37,13.0,116.0,BTC
2013-05-14 20:28:39,0.0243819,116.01,BTC
2013-05-14 20:28:49,8.8364377,115.99,BTC
2013-05-14 20:28:52,0.0243819,116.0,BTC
2013-05-14 20:29:04,5.0,116.0,BTC
2013-05-14 20:29:19,0.1,115.89,BTC
2013-05-14 20:29:22,1.0,116.0,BTC
2013-05-14 20:29:25,2.88,116.0,BTC
2013-05-14 20:29:38,27.5348667,115.9,BTC
2013-05-14 20:29:39,59.9148098,115.98,BTC
2013-05-14 20:29:43,10.0,115.7,BTC
2013-05-14 20:30:30,1.0,115.5,BTC
2013-05-14 20:30:32,1.0,115.58,BTC
2013-05-14 20:30:46,1.0,115.33,BTC
2013-05-14 20:30:49,1.0,115.0,BTC
2013-05-14 20:30:51,1.45,114.483,BTC
2013-05-14 20:31:01,1.0,113.5,BTC
2013-05-14 20:31:15,0.2,115.4,BTC
2013-05-14 20:31:17,0.2,116.01,BTC
2013-05-14 20:31:21,2.0,114.76,BTC
2013-05-14 20:31:35,0.5918496,115.1,BTC
2013-05-14 20:32:02,3.0,115.0,BTC
2013-05-14 20:32:15,2.0,113.85,BTC
2013-05-14 20:32:25,0.001,114.33,BTC
2013-05-14 20:32:35,0.633,114.77,BTC
2013-05-14 20:32:37,1.0,114.3,BTC
2013-05-14 20:33:16,1.0,113.5,BTC
2013-05-14 20:33:34,0.6507533000000001,114.16,BTC
2013-05-14 20:33:36,0.1,114.13,BTC
2013-05-14 20:33:57,0.3,114.17,BTC
2013-05-14 20:34:16,9.3812403,114.1,BTC
2013-05-14 20:34:16,0.1,114.01,BTC
2013-05-14 20:34:17,1.0,113.79,BTC
2013-05-14 20:34:17,0.5180844,113.63,BTC
2013-05-14 20:34:46,2.88,113.85,BTC
2013-05-14 20:34:56,1.7444425,114.26,BTC
2013-05-14 20:34:57,0.73,113.62,BTC
2013-05-14 20:34:58,1.0,113.46,BTC
2013-05-14 20:35:00,0.88,113.41,BTC
2013-05-14 20:35:01,1.0,113.14,BTC
2013-05-14 20:36:04,1.0,114.17,BTC
2013-05-14 20:37:07,0.5,112.95,BTC
2013-05-14 20:38:09,1.946353,113.3,BTC
2013-05-14 20:38:12,0.1126962,113.5,BTC
2013-05-14 20:38:31,3.0,113.0,BTC
2013-05-14 20:38:52,1.0,113.25,BTC
2013-05-14 20:39:48,5.0,112.97,BTC
2013-05-14 20:40:07,1.5701766,113.095,BTC
2013-05-14 20:40:08,5.5,113.25,BTC
2013-05-14 20:40:08,0.9899754,113.72,BTC
2013-05-14 20:40:09,5.0062335,113.5,BTC
2013-05-14 20:40:09,0.159921,113.83,BTC
2013-05-14 20:40:09,0.1,113.657,BTC
2013-05-14 20:40:10,5.8870000000000005,113.97,BTC
2013-05-14 20:40:10,0.0054278,113.823,BTC
2013-05-14 20:40:11,2.053864,114.17,BTC
2013-05-14 20:41:46,1.0,113.4,BTC
2013-05-14 20:42:33,3.1402,113.3,BTC
2013-05-14 20:42:34,0.0062335,113.5,BTC
2013-05-14 20:42:36,0.0053993,113.613,BTC
2013-05-14 20:42:37,3.822,113.93,BTC
2013-05-14 20:42:39,0.1,113.657,BTC
2013-05-14 20:42:54,1.0,113.92,BTC
2013-05-14 20:43:07,10.9438558,113.2,BTC
2013-05-14 20:43:22,1.706365,113.46,BTC
2013-05-14 20:43:23,0.1,113.511,BTC
2013-05-14 20:43:25,0.225227,113.629,BTC
2013-05-14 20:43:26,0.1,113.657,BTC
2013-05-14 20:43:32,50.0,114.0,BTC
2013-05-14 20:43:45,15.0,114.0,BTC
2013-05-14 20:43:46,2.4099947,114.15,BTC
2013-05-14 20:43:59,0.83325,113.35,BTC
2013-05-14 20:44:23,0.9,113.9,BTC
2013-05-14 20:44:34,4.6817400000000005,113.71,BTC
2013-05-14 20:45:27,73.47108809999997,113.4,BTC
2013-05-14 20:46:03,0.6,113.85,BTC
2013-05-14 20:46:05,3.0,114.17,BTC
2013-05-14 20:46:16,16.806498,113.4,BTC
2013-05-14 20:46:17,3.0275908,114.2,BTC
2013-05-14 20:46:17,1.5,113.99,BTC
2013-05-14 20:46:17,7.12,114.0,BTC
2013-05-14 20:46:18,0.013999700000000002,114.088,BTC
2013-05-14 20:46:18,0.005,114.107,BTC
2013-05-14 20:46:18,0.0127287,114.121,BTC
2013-05-14 20:46:19,0.4429,114.42,BTC
2013-05-14 20:46:19,0.005,114.186,BTC
2013-05-14 20:46:19,0.0137359,114.19,BTC
2013-05-14 20:46:20,0.005,114.222,BTC
2013-05-14 20:46:20,0.5,114.54,BTC
2013-05-14 20:46:21,0.2537518,114.263,BTC
2013-05-14 20:46:21,0.005,114.286,BTC
2013-05-14 20:46:21,0.005399800000000001,114.296,BTC
2013-05-14 20:46:22,0.01166,114.329,BTC
2013-05-14 20:46:22,0.005,114.347,BTC
2013-05-14 20:46:23,0.0210615,114.391,BTC
2013-05-14 20:46:23,0.1,114.421,BTC
2013-05-14 20:46:23,0.9899773,114.74,BTC
2013-05-14 20:46:24,9.0073021,114.49,BTC
2013-05-14 20:46:24,0.408,114.78,BTC
2013-05-14 20:46:24,1.1770669,114.5,BTC
2013-05-14 20:48:25,8.513914100000001,114.35,BTC
2013-05-14 20:48:26,0.5,114.4,BTC
2013-05-14 20:48:27,0.0082622,114.72,BTC
2013-05-14 20:48:28,7.12,114.49,BTC
2013-05-14 20:48:29,0.17215260000000002,114.497,BTC
2013-05-14 20:48:30,0.5061827999999999,114.5,BTC
2013-05-14 20:48:31,0.005,114.517,BTC
2013-05-14 20:48:32,0.089613,114.585,BTC
2013-05-14 20:48:33,37.11339,114.9,BTC
2013-05-14 20:48:34,0.0125,114.632,BTC
2013-05-14 20:48:35,0.005,114.656,BTC
2013-05-14 20:48:36,0.9899095,114.96,BTC
2013-05-14 20:48:37,0.159995,114.97,BTC
2013-05-14 20:48:39,1.0,114.98,BTC
2013-05-14 20:48:40,0.248625,114.7,BTC
2013-05-14 20:48:41,0.0103151,114.728,BTC
2013-05-14 20:48:42,0.9900017,115.02,BTC
2013-05-14 20:48:43,2.6788,115.05,BTC
2013-05-14 20:48:44,0.2154648,114.767,BTC
2013-05-14 20:48:45,10.0,114.8,BTC
2013-05-14 20:48:46,0.1038639,114.805,BTC
2013-05-14 20:48:47,0.5095533,114.85,BTC
2013-05-14 20:48:48,0.0103946,114.859,BTC
2013-05-14 20:48:49,0.5,114.878,BTC
2013-05-14 20:49:13,48.5908427,114.33,BTC
2013-05-14 20:49:13,97.17985,114.35,BTC
2013-05-14 20:49:14,0.00994,114.48,BTC
2013-05-14 20:49:15,7.12,114.49,BTC
2013-05-14 20:49:15,0.17215260000000002,114.497,BTC
2013-05-14 20:49:16,37.11339,114.88,BTC
2013-05-14 20:49:17,20.0,114.8,BTC
2013-05-14 20:49:33,1.5,114.499,BTC
2013-05-14 20:49:34,7.12,114.5,BTC
2013-05-14 20:49:35,0.0126054,114.548,BTC
2013-05-14 20:49:36,0.021892,114.594,BTC
2013-05-14 20:49:36,0.0053967,114.638,BTC
2013-05-14 20:49:37,0.089613,114.662,BTC
2013-05-14 20:49:38,0.025,114.692,BTC
2013-05-14 20:49:39,0.248625,114.7,BTC
2013-05-14 20:49:39,1.5,114.73,BTC
2013-05-14 20:49:40,0.0137607,114.765,BTC
2013-05-14 20:49:41,0.0189651,114.797,BTC
2013-05-14 20:49:42,0.1038639,114.805,BTC
2013-05-14 20:49:42,0.5095533,114.85,BTC
2013-05-14 20:49:43,0.0103946,114.859,BTC
2013-05-14 20:49:44,0.5,114.878,BTC
2013-05-14 20:49:45,0.9900148,115.17,BTC
2013-05-14 20:49:46,0.0181939,114.898,BTC
2013-05-14 20:49:46,0.0125,114.913,BTC
2013-05-14 20:50:08,5.915750900000001,114.35,BTC
2013-05-14 20:50:09,0.125,114.41,BTC
2013-05-14 20:50:10,7.12,114.49,BTC
2013-05-14 20:50:11,0.17215260000000002,114.497,BTC
2013-05-14 20:50:13,0.1,115.05,BTC
2013-05-14 20:50:35,0.35,114.4,BTC
2013-05-14 20:51:45,0.0274,115.51,BTC
2013-05-14 20:51:47,9.9726,114.35,BTC
2013-05-14 20:53:36,0.0274,115.51,BTC
2013-05-14 20:53:55,3.0,115.2,BTC
2013-05-14 20:54:14,2.8322675,115.09,BTC
2013-05-14 20:55:38,7.356,114.62,BTC
2013-05-14 20:56:35,10.0,114.8,BTC
2013-05-14 20:57:14,11.57,115.0,BTC
2013-05-14 20:57:15,37.9846285,114.98,BTC
2013-05-14 20:58:38,0.5,114.81,BTC
2013-05-14 21:00:37,0.153293,114.81,BTC
2013-05-14 21:03:38,1.0,114.89,BTC
2013-05-14 21:04:24,1.568571,114.55,BTC
2013-05-14 21:04:36,9.7004618,114.88,BTC
2013-05-14 21:05:28,5.4984853,115.18,BTC
2013-05-14 21:05:42,49.5,114.96,BTC
2013-05-14 21:05:43,26.9383266,114.97,BTC
2013-05-14 21:06:07,15.4044789,114.99,BTC
2013-05-14 21:08:20,0.5239717,115.24,BTC
2013-05-14 21:08:34,0.9900312,115.36,BTC
2013-05-14 21:08:50,3.9,115.55,BTC
2013-05-14 21:08:51,3.0,115.75,BTC
2013-05-14 21:08:52,1.979756,115.59,BTC
2013-05-14 21:08:53,0.9898859,115.68,BTC
2013-05-14 21:08:54,0.3,115.99,BTC
2013-05-14 21:08:55,0.02857,115.86,BTC
2013-05-14 21:08:56,0.9899896,115.88,BTC
2013-05-14 21:08:57,4.6624,115.96,BTC
2013-05-14 21:08:58,2.6477767999999995,116.0,BTC
2013-05-14 21:09:18,30.0,115.5,BTC
2013-05-14 21:09:44,4.0,115.9,BTC
2013-05-14 21:11:31,5.0,116.0,BTC
2013-05-14 21:12:53,1.8201411,116.0,BTC
2013-05-14 21:16:14,1.0,115.51,BTC
2013-05-14 21:16:28,0.57,115.5,BTC
2013-05-14 21:17:19,1.0,115.51,BTC
2013-05-14 21:19:02,0.3,115.49,BTC
2013-05-14 21:19:03,0.02877,115.22,BTC
2013-05-14 21:19:04,0.2,115.09,BTC
2013-05-14 21:19:05,0.8746940000000001,115.05,BTC
2013-05-14 21:19:36,1.0,115.6,BTC
2013-05-14 21:22:28,0.5410881,115.66,BTC
2013-05-14 21:22:29,0.47174,115.12,BTC
2013-05-14 21:28:17,1.0,115.66,BTC
2013-05-14 21:35:40,1.6459753,115.08,BTC
2013-05-14 21:35:41,2.3090247,115.02,BTC
2013-05-14 21:35:42,3.7263158,114.95,BTC
2013-05-14 21:35:42,1.0,114.83,BTC
2013-05-14 21:35:43,3.5211953,114.73,BTC
2013-05-14 21:35:44,1.0,114.68,BTC
2013-05-14 21:36:42,2.88,114.5,BTC
2013-05-14 21:37:14,10.0,114.24,BTC
2013-05-14 21:37:15,1.1,114.35,BTC
2013-05-14 21:37:16,1.886,114.3,BTC
2013-05-14 21:37:17,0.13182470000000002,114.26,BTC
2013-05-14 21:37:18,9.0,114.21,BTC
2013-05-14 21:37:19,10.0,114.01,BTC
2013-05-14 21:40:36,0.1,114.21,BTC
2013-05-14 21:40:47,0.1,114.5,BTC
2013-05-14 21:41:25,0.3635,114.45,BTC
2013-05-14 21:41:41,1.0,114.0,BTC
2013-05-14 21:41:52,0.6089,114.13,BTC
2013-05-14 21:41:53,0.5239717,114.08,BTC
2013-05-14 21:41:54,1.0,114.04,BTC
2013-05-14 21:41:55,1.5251182,113.99,BTC
2013-05-14 21:42:27,4.9,114.0,BTC
2013-05-14 21:46:52,0.7040000000000001,113.89,BTC
2013-05-14 21:46:53,1.0,113.87,BTC
2013-05-14 21:46:53,9.196,113.81,BTC
2013-05-14 21:48:20,1.0,113.5,BTC
2013-05-14 21:48:21,1.0,113.54,BTC
2013-05-14 21:48:21,11.6192469,113.5,BTC
2013-05-14 21:48:23,1.3797612,113.2,BTC
2013-05-14 21:48:58,9.480219,113.3,BTC
2013-05-14 21:49:00,11.519781,113.0,BTC
2013-05-14 21:49:09,37.480219,113.0,BTC
2013-05-14 21:49:17,1.837981,113.12,BTC
2013-05-14 21:49:18,0.11004,113.05,BTC
2013-05-14 21:49:19,5.9193456,112.8,BTC
2013-05-14 21:49:44,4.0806544,112.8,BTC
2013-05-14 21:49:45,0.1,112.91,BTC
2013-05-14 21:49:55,0.1600872,112.67,BTC
2013-05-14 21:49:58,8.319912799999999,112.5,BTC
2013-05-14 21:50:36,0.12,112.5,BTC
2013-05-14 21:51:01,1.0,112.43,BTC
2013-05-14 21:51:11,1.5600872,112.5,BTC
2013-05-14 21:51:12,0.191531,112.58,BTC
2013-05-14 21:51:13,0.0330467,112.52,BTC
2013-05-14 21:51:14,5.268443799999999,112.34,BTC
2013-05-14 21:51:15,0.5,112.23,BTC
2013-05-14 21:51:49,0.06558989999999999,112.61,BTC
2013-05-14 21:51:50,1.3808049,112.7,BTC
2013-05-14 21:52:43,3.741,113.22,BTC
2013-05-14 21:53:02,0.9900309000000002,113.35,BTC
2013-05-14 21:53:03,0.4595959,113.286,BTC
2013-05-14 21:53:12,0.025,113.409,BTC
2013-05-14 21:53:14,1.3405,113.5,BTC
2013-05-14 21:53:24,2.585,113.52,BTC
2013-05-14 21:53:24,12.5082934,113.6,BTC
2013-05-14 21:53:25,0.1,113.657,BTC
2013-05-14 21:53:25,0.0125,113.751,BTC
2013-05-14 21:53:26,9.0,114.08,BTC
2013-05-14 21:53:26,0.005,113.841,BTC
2013-05-14 21:53:27,0.3897254000000001,114.28,BTC
2013-05-14 21:53:27,0.0116886,114.013,BTC
2013-05-14 21:53:27,0.005,114.071,BTC
2013-05-14 21:53:28,0.012425,114.162,BTC
2013-05-14 21:53:28,0.0138304,114.188,BTC
2013-05-14 21:53:28,0.005,114.197,BTC
2013-05-14 21:53:29,3.0,114.57,BTC
2013-05-14 21:53:29,0.0104345,114.384,BTC
2013-05-14 21:53:30,0.005,114.408,BTC
2013-05-14 21:53:30,0.9898867,114.7,BTC
2013-05-14 21:53:30,0.9899782,114.75,BTC
2013-05-14 21:54:38,2.8224072,113.47,BTC
2013-05-14 21:54:38,2.704,113.31,BTC
2013-05-14 21:54:40,1.0,113.0,BTC
2013-05-14 21:54:40,0.031967,113.01,BTC
2013-05-14 21:54:41,1.1,112.92,BTC
2013-05-14 21:54:41,0.0678726,113.1,BTC
2013-05-14 21:54:42,0.0209864,113.0,BTC
2013-05-14 21:55:15,2.364847,113.5,BTC
2013-05-14 21:55:16,8.135153,113.9,BTC
2013-05-14 21:55:40,1.838,113.89,BTC
2013-05-14 21:55:41,0.9766389,113.75,BTC
2013-05-14 21:57:15,1.06,113.29,BTC
2013-05-14 21:57:31,1.8939842,113.82,BTC
2013-05-14 21:57:42,2.20592653,113.1,BTC
2013-05-14 21:57:43,1.69407347,113.2,BTC
2013-05-14 21:58:34,0.02858,114.59,BTC
2013-05-14 21:59:04,6.8994851,113.48,BTC
2013-05-14 21:59:29,25.0,113.68,BTC
2013-05-14 22:00:37,16.5824251,113.75,BTC
2013-05-14 22:00:47,0.0055,113.98,BTC
2013-05-14 22:01:04,0.02859,114.55,BTC
2013-05-14 22:01:12,0.1,114.55,BTC
2013-05-14 22:05:34,0.75,113.805,BTC
2013-05-14 22:10:41,16.3482643,113.48,BTC
2013-05-14 22:10:42,1.5211954,113.78,BTC
2013-05-14 22:10:42,0.9899842,113.82,BTC
2013-05-14 22:10:43,0.9899025,113.89,BTC
2013-05-14 22:10:44,0.9899939,113.93,BTC
2013-05-14 22:10:45,12.1853611,114.0,BTC
2013-05-14 22:10:58,3.737,113.47,BTC
2013-05-14 22:11:11,5.3,113.7,BTC
2013-05-14 22:11:22,5.6946943,113.7,BTC
2013-05-14 22:11:32,3.0,113.55,BTC
2013-05-14 22:11:56,3.2430000000000003,113.69,BTC
2013-05-14 22:12:34,2.6902367000000003,113.9,BTC
2013-05-14 22:13:34,2.9663313,113.03,BTC
2013-05-14 22:14:49,2.7341836,113.4,BTC
2013-05-14 22:14:50,2.1812769,113.8,BTC
2013-05-14 22:16:43,0.13255,114.0,BTC
2013-05-14 22:25:41,0.5482568,113.5,BTC
2013-05-14 22:25:42,0.5,113.4,BTC
2013-05-14 22:25:43,3.8965558,113.07,BTC
2013-05-14 22:26:37,5.0,113.3,BTC
2013-05-14 22:27:54,20.0,112.75,BTC
2013-05-14 22:28:15,15.9751141,112.75,BTC
2013-05-14 22:30:46,0.02862,114.08,BTC
2013-05-14 22:30:47,3.33854,113.61,BTC
2013-05-14 22:41:57,0.7872,114.83,BTC
2013-05-14 22:44:58,1.0,113.3,BTC
2013-05-14 22:50:50,1.0,113.0,BTC
2013-05-14 22:51:50,2.535,113.07,BTC
2013-05-14 22:52:19,4.755603400000001,113.085,BTC
2013-05-14 22:52:20,1.6443421000000005,113.055,BTC
2013-05-14 22:52:44,9.0,113.11,BTC
2013-05-14 22:52:45,9.0,113.06,BTC
2013-05-14 22:53:09,14.8363241,113.1,BTC
2013-05-14 22:53:22,3.6184678,113.12,BTC
2013-05-14 22:53:24,1.0,113.05,BTC
2013-05-14 22:53:38,9.0,113.06,BTC
2013-05-14 22:53:39,1.3575758999999998,113.02,BTC
2013-05-14 22:53:40,0.0359955,112.981,BTC
2013-05-14 22:53:56,16.2794241,113.1,BTC
2013-05-14 22:53:57,19.0,112.7,BTC
2013-05-14 22:54:11,0.3783008,113.12,BTC
2013-05-14 22:54:24,21.0563241,113.1,BTC
2013-05-14 22:54:25,9.0,113.06,BTC
2013-05-14 22:54:26,1.0,112.7,BTC
2013-05-14 22:54:52,9.0,113.09,BTC
2013-05-14 22:54:53,0.0251525,113.073,BTC
2013-05-14 22:55:22,9.0,113.11,BTC
2013-05-14 22:55:23,9.0,113.06,BTC
2013-05-14 22:55:37,0.5,113.14,BTC
2013-05-14 22:56:03,7.3856416,113.05,BTC
2013-05-14 22:57:12,2.0,112.5,BTC
2013-05-14 23:00:03,8.0,112.5,BTC
2013-05-14 23:00:04,8.1200606,112.75,BTC
2013-05-14 23:00:05,2.8817832,112.74,BTC
2013-05-14 23:00:05,1.0,112.699,BTC
2013-05-14 23:00:06,9.0,112.67,BTC
2013-05-14 23:00:07,7.306331399999999,112.15,BTC
2013-05-14 23:01:42,0.57,112.69,BTC
2013-05-14 23:03:34,10.2745929,112.7,BTC
2013-05-14 23:03:54,0.0664,112.989,BTC
2013-05-14 23:03:55,4.5437546,112.72,BTC
2013-05-14 23:05:12,14.0,112.15,BTC
2013-05-14 23:05:38,8.47,112.15,BTC
2013-05-14 23:05:44,0.6763314,112.1,BTC
2013-05-14 23:06:48,1.0,112.1,BTC
2013-05-14 23:06:59,8.3236686,112.1,BTC
2013-05-14 23:07:01,1.0,112.0,BTC
2013-05-14 23:07:02,0.0063225,112.21,BTC
2013-05-14 23:07:03,0.0104173,112.198,BTC
2013-05-14 23:07:04,0.0253,112.162,BTC
2013-05-14 23:07:05,0.4874438,112.15,BTC
2013-05-14 23:07:06,0.1005,112.131,BTC
2013-05-14 23:07:07,0.5,112.124,BTC
2013-05-14 23:07:08,15.0,112.12,BTC
2013-05-14 23:07:09,0.7514321999999999,112.11,BTC
2013-05-14 23:07:10,0.0126054,112.1,BTC
2013-05-14 23:07:12,10.278700099999998,112.1,BTC
2013-05-14 23:07:13,0.013872,112.075,BTC
2013-05-14 23:07:14,3.4,112.051,BTC
2013-05-14 23:07:15,10.0,112.04,BTC
2013-05-14 23:07:15,0.25,112.025,BTC
2013-05-14 23:07:16,1.7145836,112.019,BTC
2013-05-14 23:07:35,1.0,112.01,BTC
2013-05-14 23:07:36,0.09,112.007,BTC
2013-05-14 23:07:51,0.005,112.0,BTC
2013-05-14 23:07:52,0.046554000000000005,111.992,BTC
2013-05-14 23:07:53,0.005,111.971,BTC
2013-05-14 23:07:55,5.0,111.5,BTC
2013-05-14 23:07:56,0.2615764,111.926,BTC
2013-05-14 23:07:56,0.005,111.912,BTC
2013-05-14 23:07:57,10.0111867,111.9,BTC
2013-05-14 23:07:58,3.6385248,111.888,BTC
2013-05-14 23:08:14,1.0,112.001,BTC
2013-05-14 23:09:00,1.0,112.0,BTC
2013-05-14 23:09:16,1.0,112.0,BTC
2013-05-14 23:10:22,0.1,111.1,BTC
2013-05-14 23:10:25,1.01,111.0,BTC
2013-05-14 23:10:27,1.0,111.0,BTC
2013-05-14 23:10:35,1.0,112.0,BTC
2013-05-14 23:10:37,3.0,112.0,BTC
2013-05-14 23:11:23,1.0,111.0,BTC
2013-05-14 23:11:25,9.0,111.0,BTC
2013-05-14 23:11:40,20.0,111.0,BTC
2013-05-14 23:11:57,1.0,111.0,BTC
2013-05-14 23:13:33,1.0,110.61,BTC
2013-05-14 23:13:36,3.3,110.5,BTC
2013-05-14 23:13:44,0.9,110.1,BTC
2013-05-14 23:13:53,20.0,110.5,BTC
2013-05-14 23:13:56,10.0,110.5,BTC
2013-05-14 23:14:16,0.48,110.45,BTC
2013-05-14 23:14:25,5.0,110.1,BTC
2013-05-14 23:14:28,1.1,110.03,BTC
2013-05-14 23:14:30,1.0,110.0,BTC
2013-05-14 23:14:33,8.3,110.0,BTC
2013-05-14 23:15:01,0.14106597,110.0,BTC
2013-05-14 23:15:43,0.85893403,110.0,BTC
2013-05-14 23:15:45,1.85893403,110.0,BTC
2013-05-14 23:15:53,6.0,109.25,BTC
2013-05-14 23:16:00,6.85893403,110.0,BTC
2013-05-14 23:16:01,2.0,110.21,BTC
2013-05-14 23:16:02,2.0,105.97,BTC
2013-05-14 23:16:04,0.9899076,106.02,BTC
2013-05-14 23:16:05,0.9898658,106.57,BTC
2013-05-14 23:16:07,0.9900121,107.13,BTC
2013-05-14 23:16:09,11.5652512,107.25,BTC
2013-05-14 23:16:12,1.0,107.5,BTC
2013-05-14 23:16:16,0.1,107.85,BTC
2013-05-14 23:16:17,0.3707991,107.99,BTC
2013-05-14 23:16:26,1.95,110.22,BTC
2013-05-14 23:16:39,8.953063400000003,110.8,BTC
2013-05-14 23:16:41,0.0227677,110.39,BTC
2013-05-14 23:16:42,2.5543855,110.251,BTC
2013-05-14 23:16:46,0.11,111.0,BTC
2013-05-14 23:16:55,0.0152384,110.25,BTC
2013-05-14 23:17:37,0.0182035,110.8,BTC
2013-05-14 23:17:58,1.7,110.6,BTC
2013-05-14 23:17:59,10.0,110.4,BTC
2013-05-14 23:18:26,1.0,110.2,BTC
2013-05-14 23:18:39,0.06,110.2,BTC
2013-05-14 23:18:51,0.2,110.6,BTC
2013-05-14 23:19:05,4.0,110.4,BTC
2013-05-14 23:19:19,0.11,110.4,BTC
2013-05-14 23:19:44,2.0,110.33,BTC
2013-05-14 23:21:08,2.09,110.4,BTC
2013-05-14 23:21:23,2.6023342,110.34,BTC
2013-05-14 23:21:24,1.8446923,110.33,BTC
2013-05-14 23:21:24,0.67985,110.32,BTC
2013-05-14 23:21:25,1.5,110.311,BTC
2013-05-14 23:22:05,4.77,110.5,BTC
2013-05-14 23:22:06,2.7406342,110.331,BTC
2013-05-14 23:22:07,12.2376324,110.3,BTC
2013-05-14 23:22:33,0.4980487,110.311,BTC
2013-05-14 23:22:34,0.2757355,110.275,BTC
2013-05-14 23:23:13,3.0,110.49,BTC
2013-05-14 23:23:52,0.0157489,110.5,BTC
2013-05-14 23:24:17,7.6650597,110.51,BTC
2013-05-14 23:24:19,2.69403985,110.49,BTC
2013-05-14 23:24:31,0.05,110.443,BTC
2013-05-14 23:24:44,41.80313705,110.51,BTC
2013-05-14 23:24:57,0.0376003,110.515,BTC
2013-05-14 23:25:08,0.5,110.5,BTC
2013-05-14 23:25:56,0.015,110.85,BTC
2013-05-14 23:25:57,5.0,111.1,BTC
2013-05-14 23:25:58,0.7090401999999999,111.251,BTC
2013-05-14 23:26:17,1.0,112.0,BTC
2013-05-14 23:26:26,5.7725443,112.095,BTC
2013-05-14 23:26:27,7.12,112.1,BTC
2013-05-14 23:26:28,0.0054698,112.149,BTC
2013-05-14 23:26:29,0.025,112.162,BTC
2013-05-14 23:26:29,0.4882752,112.22,BTC
2013-05-14 23:26:30,0.0462515,112.25,BTC
2013-05-14 23:28:03,5.0,112.0,BTC
2013-05-14 23:28:03,0.6381571,112.0,BTC
2013-05-14 23:28:03,0.0118281,112.112,BTC
2013-05-14 23:28:03,0.025,112.162,BTC
2013-05-14 23:28:04,0.4882752,112.22,BTC
2013-05-14 23:28:04,37.46764363,112.25,BTC
2013-05-14 23:29:20,0.6,111.9,BTC
2013-05-14 23:30:23,1.0,112.102,BTC
2013-05-14 23:33:01,1.4014094,111.55,BTC
2013-05-14 23:33:01,12.34845,111.391,BTC
2013-05-14 23:33:02,0.1,111.196,BTC
2013-05-14 23:36:38,1.5899322,111.0,BTC
2013-05-14 23:42:55,1.0,112.4,BTC
2013-05-14 23:42:56,3.9764398,111.985,BTC
2013-05-14 23:42:57,0.0059102,112.049,BTC
2013-05-14 23:42:58,0.0125311,112.139,BTC
2013-05-14 23:42:59,0.5,112.152,BTC
2013-05-14 23:43:01,0.006,112.17,BTC
2013-05-14 23:43:02,0.006,112.19,BTC
2013-05-14 23:43:03,0.025,112.204,BTC
2013-05-14 23:43:05,0.0138417,112.215,BTC
2013-05-14 23:43:06,0.02115,112.23,BTC
2013-05-14 23:43:07,0.005,112.249,BTC
2013-05-14 23:43:09,0.029869,112.26,BTC
2013-05-14 23:43:10,1.0232,112.27,BTC
2013-05-14 23:43:11,0.02495,112.29,BTC
2013-05-14 23:44:18,1.0,112.3,BTC
2013-05-14 23:44:20,2.5,112.15,BTC
2013-05-14 23:44:21,0.006,112.16,BTC
2013-05-14 23:44:22,0.006,112.18,BTC
2013-05-14 23:44:23,0.006,112.2,BTC
2013-05-14 23:44:24,0.006,112.21,BTC
2013-05-14 23:44:25,0.0202,112.22,BTC
2013-05-14 23:44:27,0.02235,112.24,BTC
2013-05-14 23:44:28,0.02285,112.25,BTC
2013-05-14 23:44:29,0.005,112.267,BTC
2013-05-14 23:44:30,0.02395,112.28,BTC
2013-05-14 23:44:32,12.5902879,112.3,BTC
2013-05-14 23:44:33,0.0124313,112.391,BTC
2013-05-14 23:44:34,0.012787200000000002,112.425,BTC
2013-05-14 23:45:36,6.5113086,112.28,BTC
2013-05-14 23:45:37,0.13,112.35,BTC
2013-05-14 23:45:39,1.0,112.9,BTC
2013-05-14 23:45:40,6.898678200000001,112.53,BTC
2013-05-14 23:49:03,1.0,112.05,BTC
2013-05-14 23:53:04,2.0,112.15,BTC
2013-05-14 23:53:31,0.05,111.801,BTC
2013-05-14 23:54:06,0.1,111.763,BTC
2013-05-14 23:59:53,1.5,111.9,BTC
2013-05-14 23:59:54,3.0511125,111.551,BTC
2013-05-15 00:03:36,3.0,110.21,BTC
2013-05-15 00:05:30,5.0,110.27,BTC
2013-05-15 00:05:31,0.005,110.262,BTC
2013-05-15 00:05:58,5.0,109.95,BTC
2013-05-15 00:06:22,0.1,109.937,BTC
2013-05-15 00:06:23,0.005,109.915,BTC
2013-05-15 00:06:24,0.005,109.881,BTC
2013-05-15 00:06:25,0.1005,109.865,BTC
2013-05-15 00:06:27,4.0408138,109.85,BTC
2013-05-15 00:06:39,1.291,109.84,BTC
2013-05-15 00:06:40,1.0,109.83,BTC
2013-05-15 00:06:41,0.0137659,109.821,BTC
2013-05-15 00:06:42,9.5e-06,109.795,BTC
2013-05-15 00:06:43,0.0125,109.787,BTC
2013-05-15 00:07:08,1.0,109.94,BTC
2013-05-15 00:07:09,0.2,109.75,BTC
2013-05-15 00:07:10,0.0125,109.734,BTC
2013-05-15 00:07:11,0.045,109.726,BTC
2013-05-15 00:07:12,0.55,109.72,BTC
2013-05-15 00:07:13,0.0125,109.707,BTC
2013-05-15 00:07:14,0.005,109.703,BTC
2013-05-15 00:07:15,0.0253,109.694,BTC
2013-05-15 00:07:16,0.005,109.686,BTC
2013-05-15 00:07:17,0.4,109.65,BTC
2013-05-15 00:07:18,0.2642245,109.644,BTC
2013-05-15 00:07:19,0.0300185,109.634,BTC
2013-05-15 00:07:20,0.0002709,109.598,BTC
2013-05-15 00:07:21,0.0125,109.568,BTC
2013-05-15 00:07:22,0.09,109.557,BTC
2013-05-15 00:07:24,15.2943274,109.55,BTC
2013-05-15 00:07:26,0.005,109.915,BTC
2013-05-15 00:07:27,0.005,109.881,BTC
2013-05-15 00:07:29,0.1005,109.865,BTC
2013-05-15 00:07:30,4.6585138,109.85,BTC
2013-05-15 00:07:43,0.005,109.846,BTC
2013-05-15 00:07:44,0.09,109.831,BTC
2013-05-15 00:07:45,0.005,109.829,BTC
2013-05-15 00:07:46,0.0125,109.815,BTC
2013-05-15 00:07:48,0.35200000000000004,109.79,BTC
2013-05-15 00:07:49,3.0,109.77,BTC
2013-05-15 00:07:51,0.0442002,109.506,BTC
2013-05-15 00:07:52,0.25,109.49,BTC
2013-05-15 00:07:53,0.5,109.48,BTC
2013-05-15 00:07:55,0.09,109.466,BTC
2013-05-15 00:08:12,1.0,110.5,BTC
2013-05-15 00:08:34,12.0,109.0,BTC
2013-05-15 00:08:36,0.00512,109.407,BTC
2013-05-15 00:08:37,0.09,109.375,BTC
2013-05-15 00:08:38,2.8903548,109.36,BTC
2013-05-15 00:08:39,0.005481499999999999,109.357,BTC
2013-05-15 00:10:05,0.1,109.5,BTC
2013-05-15 00:10:06,1.595584,109.55,BTC
2013-05-15 00:10:54,1.0,109.0,BTC
2013-05-15 00:11:17,0.0143104,109.213,BTC
2013-05-15 00:11:32,9.0,109.25,BTC
2013-05-15 00:12:03,1.0,109.0,BTC
2013-05-15 00:12:54,1.0,108.89,BTC
2013-05-15 00:13:22,1.0,108.89,BTC
2013-05-15 00:13:36,3.9,108.89,BTC
2013-05-15 00:13:38,0.1,108.07,BTC
2013-05-15 00:13:40,1.0,107.6,BTC
2013-05-15 00:13:41,1.0,107.4,BTC
2013-05-15 00:13:55,0.83,107.3,BTC
2013-05-15 00:13:56,2.17,107.564,BTC
2013-05-15 00:14:20,1.0,107.1,BTC
2013-05-15 00:14:22,1.0,107.0,BTC
2013-05-15 00:14:24,0.1850125,106.94,BTC
2013-05-15 00:14:25,0.1,106.931,BTC
2013-05-15 00:14:26,1.5,106.91,BTC
2013-05-15 00:14:27,0.05,106.905,BTC
2013-05-15 00:14:27,1.056095,106.898,BTC
2013-05-15 00:14:28,0.0107214,106.856,BTC
2013-05-15 00:14:28,0.0272147,106.853,BTC
2013-05-15 00:14:29,1.0,106.85,BTC
2013-05-15 00:14:29,0.13760799999999998,106.833,BTC
2013-05-15 00:14:30,0.1016138,106.82,BTC
2013-05-15 00:14:30,3.4100003,106.794,BTC
2013-05-15 00:15:03,4.0,107.0,BTC
2013-05-15 00:15:25,25.3,107.0,BTC
2013-05-15 00:15:46,1.0,106.1,BTC
2013-05-15 00:15:50,0.2,105.689,BTC
2013-05-15 00:15:52,10.0,105.23,BTC
2013-05-15 00:15:54,1.0,105.1,BTC
2013-05-15 00:15:57,5.0,105.022,BTC
2013-05-15 00:15:59,1.0,105.0,BTC
2013-05-15 00:16:02,1.0,105.0,BTC
2013-05-15 00:16:18,5.2502,106.421,BTC
2013-05-15 00:16:30,2.5,106.408,BTC
2013-05-15 00:16:31,1.235522,106.393,BTC
2013-05-15 00:16:32,0.1,106.386,BTC
2013-05-15 00:16:33,0.1653238,106.38,BTC
2013-05-15 00:16:34,0.15,106.37,BTC
2013-05-15 00:16:35,0.172824,106.356,BTC
2013-05-15 00:16:36,7.498025,106.35,BTC
2013-05-15 00:16:36,0.0939913,106.342,BTC
2013-05-15 00:16:37,0.1050265,106.328,BTC
2013-05-15 00:16:38,0.09,106.319,BTC
2013-05-15 00:16:39,1.0510201,106.304,BTC
2013-05-15 00:16:40,1.8549152,106.302,BTC
2013-05-15 00:16:53,4.1,107.0,BTC
2013-05-15 00:16:54,3.5680871,106.298,BTC
2013-05-15 00:16:55,0.0057793,106.28,BTC
2013-05-15 00:16:56,0.5,106.27,BTC
2013-05-15 00:16:58,0.27395,106.263,BTC
2013-05-15 00:16:59,0.07395089999999999,106.25,BTC
2013-05-15 00:16:59,0.025,106.246,BTC
2013-05-15 00:17:00,1.1603452,106.222,BTC
2013-05-15 00:17:11,0.9048054,106.421,BTC
2013-05-15 00:17:12,0.1016138,106.22,BTC
2013-05-15 00:17:13,25.875,106.2,BTC
2013-05-15 00:17:14,5.8726517,106.17,BTC
2013-05-15 00:17:15,0.4922,106.15,BTC
2013-05-15 00:17:27,5.8001416,106.302,BTC
2013-05-15 00:17:28,0.178315,106.125,BTC
2013-05-15 00:17:28,0.075,106.101,BTC
2013-05-15 00:17:29,0.4638826,106.09,BTC
2013-05-15 00:17:30,0.0054876000000000005,106.079,BTC
2013-05-15 00:17:31,6.4135,106.07,BTC
2013-05-15 00:17:32,0.05,106.061,BTC
2013-05-15 00:17:32,0.0259269,106.058,BTC
2013-05-15 00:17:33,0.5,106.051,BTC
2013-05-15 00:17:34,0.50915,106.046,BTC
2013-05-15 00:17:35,0.14915,106.012,BTC
2013-05-15 00:17:36,1.6838108,106.0,BTC
2013-05-15 00:17:47,3.6673825,106.222,BTC
2013-05-15 00:17:51,0.05055,105.986,BTC
2013-05-15 00:17:52,2.0,105.979,BTC
2013-05-15 00:17:53,4.0,105.97,BTC
2013-05-15 00:17:54,4.0,105.963,BTC
2013-05-15 00:17:54,0.25,105.954,BTC
2013-05-15 00:17:55,0.89,105.952,BTC
2013-05-15 00:17:56,0.5,105.95,BTC
2013-05-15 00:17:57,0.01,105.943,BTC
2013-05-15 00:17:58,2.5,105.93,BTC
2013-05-15 00:17:58,0.09,105.877,BTC
2013-05-15 00:17:59,0.5,105.859,BTC
2013-05-15 00:18:00,4.505,105.85,BTC
2013-05-15 00:18:01,0.37932,105.822,BTC
2013-05-15 00:18:02,0.09,105.789,BTC
2013-05-15 00:18:03,0.0137132,105.763,BTC
2013-05-15 00:18:04,1.064199,105.758,BTC
2013-05-15 00:18:14,0.1016138,106.22,BTC
2013-05-15 00:18:15,24.857957100000004,106.2,BTC
2013-05-15 00:18:16,5.5078,106.163,BTC
2013-05-15 00:18:17,0.09,106.142,BTC
2013-05-15 00:18:18,0.4920000000000001,106.102,BTC
2013-05-15 00:18:18,0.0163024,106.095,BTC
2013-05-15 00:18:19,0.138345,106.08,BTC
2013-05-15 00:18:20,1.56685,106.075,BTC
2013-05-15 00:18:21,6.4135,106.07,BTC
2013-05-15 00:18:22,0.05,106.061,BTC
2013-05-15 00:18:23,0.0259269,106.058,BTC
2013-05-15 00:18:24,0.5,106.051,BTC
2013-05-15 00:18:34,8.3608198,106.55,BTC
2013-05-15 00:18:35,4.1754451,106.65,BTC
2013-05-15 00:18:36,7.106886,106.95,BTC
2013-05-15 00:18:37,12.0,107.011,BTC
2013-05-15 00:18:37,10.0,107.04,BTC
2013-05-15 00:18:39,35.3,106.01,BTC
2013-05-15 00:18:48,5.0,107.55,BTC
2013-05-15 00:19:13,0.1,106.95,BTC
2013-05-15 00:19:14,0.0098,106.0,BTC
2013-05-15 00:19:14,0.05055,105.986,BTC
2013-05-15 00:19:15,2.0,105.979,BTC
2013-05-15 00:19:16,4.0,105.97,BTC
2013-05-15 00:19:17,4.0,105.963,BTC
2013-05-15 00:19:18,1.2610915,105.96,BTC
2013-05-15 00:19:27,5.0,106.01,BTC
2013-05-15 00:19:35,0.005,105.953,BTC
2013-05-15 00:19:37,0.89,105.952,BTC
2013-05-15 00:19:38,6.4113,105.95,BTC
2013-05-15 00:19:47,1.0,106.5,BTC
2013-05-15 00:19:56,1.3148646000000002,106.066,BTC
2013-05-15 00:19:57,8.0,105.45,BTC
2013-05-15 00:20:15,0.12473,106.51,BTC
2013-05-15 00:20:18,39.87527,105.0,BTC
2013-05-15 00:20:39,20.0,105.0,BTC
2013-05-15 00:20:42,6.0,105.0,BTC
2013-05-15 00:20:54,50.0,105.0,BTC
2013-05-15 00:21:13,0.1,105.0,BTC
2013-05-15 00:21:26,0.1,105.0,BTC
2013-05-15 00:21:38,0.1,105.0,BTC
2013-05-15 00:21:41,0.1,105.0,BTC
2013-05-15 00:21:43,9.5,105.05,BTC
2013-05-15 00:22:15,7.5,105.0,BTC
2013-05-15 00:22:17,32.6,105.0,BTC
2013-05-15 00:23:21,1.0,105.0,BTC
2013-05-15 00:23:43,18.5391439,104.05,BTC
2013-05-15 00:23:44,3.991,104.616,BTC
2013-05-15 00:23:59,0.48,105.05,BTC
2013-05-15 00:24:07,44.4088886,103.45,BTC
2013-05-15 00:24:08,5.00976,103.567,BTC
2013-05-15 00:24:08,12.12,104.61,BTC
2013-05-15 00:24:09,1.0,105.04,BTC
2013-05-15 00:24:19,0.5,105.0,BTC
2013-05-15 00:24:20,0.1,105.329,BTC
2013-05-15 00:24:21,0.0154256,105.339,BTC
2013-05-15 00:24:22,0.6100260000000001,106.0,BTC
2013-05-15 00:24:33,1.0,105.0,BTC
2013-05-15 00:25:10,2.5,104.05,BTC
2013-05-15 00:25:11,2.9777747000000003,104.55,BTC
2013-05-15 00:25:11,0.6,104.616,BTC
2013-05-15 00:25:12,0.0155495,104.835,BTC
2013-05-15 00:25:14,0.1,105.0,BTC
2013-05-15 00:25:16,0.1,105.0,BTC
2013-05-15 00:25:18,0.1,105.0,BTC
2013-05-15 00:25:21,0.1,105.0,BTC
2013-05-15 00:25:22,0.48,105.05,BTC
2013-05-15 00:25:35,0.0143148,104.548,BTC
2013-05-15 00:25:37,0.0145891,105.146,BTC
2013-05-15 00:25:37,0.1,105.329,BTC
2013-05-15 00:25:38,0.0154256,105.339,BTC
2013-05-15 00:25:38,0.0167302,105.412,BTC
2013-05-15 00:25:38,0.00547,105.55,BTC
2013-05-15 00:25:39,0.029871,105.656,BTC
2013-05-15 00:25:40,0.0054525,105.782,BTC
2013-05-15 00:25:40,0.0155947,105.842,BTC
2013-05-15 00:25:41,0.0675901,106.002,BTC
2013-05-15 00:25:42,0.0054499,106.099,BTC
2013-05-15 00:25:42,0.1,106.113,BTC
2013-05-15 00:25:43,0.029871,106.272,BTC
2013-05-15 00:25:43,0.0188785,106.302,BTC
2013-05-15 00:25:44,0.0054487,106.417,BTC
2013-05-15 00:25:44,0.1,106.537,BTC
2013-05-15 00:25:44,0.0054464,106.736,BTC
2013-05-15 00:25:45,0.0156118,106.85,BTC
2013-05-15 00:25:45,0.029871,106.898,BTC
2013-05-15 00:25:46,0.5,106.963,BTC
2013-05-15 00:25:46,0.005,106.998,BTC
2013-05-15 00:25:46,0.018215400000000003,107.012,BTC
2013-05-15 00:25:47,0.0054415,107.056,BTC
2013-05-15 00:25:48,0.029871,107.314,BTC
2013-05-15 00:25:48,0.0060338,107.343,BTC
2013-05-15 00:25:49,0.015315700000000003,107.354,BTC
2013-05-15 00:25:49,0.0054381,107.377,BTC
2013-05-15 00:25:50,0.1,107.391,BTC
2013-05-15 00:25:51,0.018215400000000003,107.501,BTC
2013-05-15 00:25:51,0.0107758,107.527,BTC
2013-05-15 00:25:52,0.0136309,107.557,BTC
2013-05-15 00:25:53,0.2207953,107.665,BTC
2013-05-15 00:25:54,0.0222931,107.746,BTC
2013-05-15 00:25:55,0.026523,107.826,BTC
2013-05-15 00:25:55,0.0386775,107.861,BTC
2013-05-15 00:25:56,0.0136309,107.865,BTC
2013-05-15 00:25:57,2.7309735,107.95,BTC
2013-05-15 00:25:57,0.4898214,108.05,BTC
2013-05-15 00:25:58,0.0258965,108.103,BTC
2013-05-15 00:25:59,0.0054670000000000005,108.2,BTC
2013-05-15 00:26:00,0.9,108.324,BTC
2013-05-15 00:26:00,0.0054334,108.346,BTC
2013-05-15 00:26:01,0.029871,108.409,BTC
2013-05-15 00:26:01,0.1377327,108.55,BTC
2013-05-15 00:26:04,0.1,109.0,BTC
2013-05-15 00:26:05,2.5,104.54,BTC
2013-05-15 00:26:21,0.029871,105.04,BTC
2013-05-15 00:26:22,32.2302436,105.05,BTC
2013-05-15 00:26:23,0.1,105.329,BTC
2013-05-15 00:26:24,1.7911922999999998,107.05,BTC
2013-05-15 00:26:25,0.0102054,105.331,BTC
2013-05-15 00:26:25,0.264343,105.381,BTC
2013-05-15 00:26:26,0.005454100000000001,105.465,BTC
2013-05-15 00:26:26,0.029871,105.656,BTC
2013-05-15 00:26:27,0.0054525,105.782,BTC
2013-05-15 00:26:27,0.0155947,105.842,BTC
2013-05-15 00:26:28,0.0675901,106.002,BTC
2013-05-15 00:26:29,0.16,106.11,BTC
2013-05-15 00:26:29,0.7193,106.167,BTC
2013-05-15 00:26:30,0.0396376,106.288,BTC
2013-05-15 00:26:30,0.0126823,106.346,BTC
2013-05-15 00:26:31,0.1,106.487,BTC
2013-05-15 00:26:31,0.0054254,106.55,BTC
2013-05-15 00:26:32,0.029871,106.766,BTC
2013-05-15 00:26:32,0.0168493,106.851,BTC
2013-05-15 00:26:33,0.2137054,106.95,BTC
2013-05-15 00:26:35,0.0136309,106.992,BTC
2013-05-15 00:26:36,4.5,107.01,BTC
2013-05-15 00:26:36,0.0054415,107.056,BTC
2013-05-15 00:26:37,0.029871,107.314,BTC
2013-05-15 00:26:38,0.0060338,107.343,BTC
2013-05-15 00:26:39,0.015315700000000003,107.354,BTC
2013-05-15 00:26:40,0.0054381,107.377,BTC
2013-05-15 00:26:41,0.1,107.391,BTC
2013-05-15 00:26:42,0.059742,107.525,BTC
2013-05-15 00:26:43,44.6471675,107.55,BTC
2013-05-15 00:26:44,2.4875,107.617,BTC
2013-05-15 00:26:45,0.2207953,107.665,BTC
2013-05-15 00:26:45,0.0222931,107.746,BTC
2013-05-15 00:26:46,0.026523,107.826,BTC
2013-05-15 00:26:47,0.0386775,107.861,BTC
2013-05-15 00:26:47,0.0136309,107.865,BTC
2013-05-15 00:26:58,0.0056281000000000005,105.117,BTC
2013-05-15 00:26:58,0.0112645,105.95,BTC
2013-05-15 00:26:59,2.3508051,107.939,BTC
2013-05-15 00:27:00,0.005435100000000001,108.022,BTC
2013-05-15 00:27:01,0.024959,108.055,BTC
2013-05-15 00:27:01,0.089613,108.151,BTC
2013-05-15 00:27:02,0.1,108.251,BTC
2013-05-15 00:27:02,0.0054334,108.346,BTC
2013-05-15 00:27:03,0.029871,108.409,BTC
2013-05-15 00:27:03,0.1377327,108.55,BTC
2013-05-15 00:27:06,21.4761733,109.0,BTC
2013-05-15 00:27:16,4.0,105.05,BTC
2013-05-15 00:27:24,0.1,105.27,BTC
2013-05-15 00:27:25,0.0102054,105.331,BTC
2013-05-15 00:27:26,0.264343,105.381,BTC
2013-05-15 00:27:27,0.005454100000000001,105.465,BTC
2013-05-15 00:27:28,0.029871,105.656,BTC
2013-05-15 00:27:28,0.0054525,105.782,BTC
2013-05-15 00:27:30,0.0155947,105.842,BTC
2013-05-15 00:27:30,0.0675901,106.002,BTC
2013-05-15 00:27:31,0.16,106.11,BTC
2013-05-15 00:27:32,0.7193,106.167,BTC
2013-05-15 00:27:33,0.0396376,106.288,BTC
2013-05-15 00:27:34,0.0126823,106.346,BTC
2013-05-15 00:27:35,0.1,106.487,BTC
2013-05-15 00:27:36,0.0054254,106.55,BTC
2013-05-15 00:27:38,0.029871,106.766,BTC
2013-05-15 00:27:39,0.0168493,106.851,BTC
2013-05-15 00:27:40,4.0,106.95,BTC
2013-05-15 00:27:41,0.0136309,106.992,BTC
2013-05-15 00:27:42,0.3950745,107.01,BTC
2013-05-15 00:27:51,1.0,106.694,BTC
2013-05-15 00:27:52,0.018215400000000003,107.012,BTC
2013-05-15 00:27:53,0.0054415,107.056,BTC
2013-05-15 00:27:54,0.029871,107.314,BTC
2013-05-15 00:27:54,0.0060338,107.343,BTC
2013-05-15 00:27:55,0.015315700000000003,107.354,BTC
2013-05-15 00:27:56,0.0054381,107.377,BTC
2013-05-15 00:27:56,0.1,107.391,BTC
2013-05-15 00:27:57,0.059742,107.525,BTC
2013-05-15 00:27:58,0.2840138,107.55,BTC
2013-05-15 00:28:09,0.0136309,107.557,BTC
2013-05-15 00:28:10,0.1,107.657,BTC
2013-05-15 00:28:10,0.005436,107.699,BTC
2013-05-15 00:28:11,0.1,107.82,BTC
2013-05-15 00:28:11,0.0162127,107.857,BTC
2013-05-15 00:28:12,0.029871,107.862,BTC
2013-05-15 00:28:12,2.3508051,107.939,BTC
2013-05-15 00:28:14,2.7309735,107.95,BTC
2013-05-15 00:28:14,0.024959,108.055,BTC
2013-05-15 00:28:15,0.089613,108.151,BTC
2013-05-15 00:28:16,0.1,108.251,BTC
2013-05-15 00:28:18,0.0054334,108.346,BTC
2013-05-15 00:28:19,0.029871,108.409,BTC
2013-05-15 00:28:20,0.1377327,108.55,BTC
2013-05-15 00:28:22,16.7625694,109.0,BTC
2013-05-15 00:28:30,8.6,106.0,BTC
2013-05-15 00:28:30,0.029871,106.766,BTC
2013-05-15 00:28:31,0.0168493,106.851,BTC
2013-05-15 00:28:31,0.3023505,106.95,BTC
2013-05-15 00:28:32,0.0136309,106.992,BTC
2013-05-15 00:28:33,0.014446100000000003,107.242,BTC
2013-05-15 00:28:33,0.26174610000000004,107.482,BTC
2013-05-15 00:28:34,0.039249,108.407,BTC
2013-05-15 00:28:42,5.0,105.99,BTC
2013-05-15 00:30:25,1.0,108.54,BTC
2013-05-15 00:30:49,0.2,108.9,BTC
2013-05-15 00:31:28,4.97,108.0,BTC
2013-05-15 00:31:36,0.8,108.5,BTC
2013-05-15 00:31:38,1.0,108.7,BTC
2013-05-15 00:31:40,1.0,109.0,BTC
2013-05-15 00:31:43,2.0,109.0,BTC
2013-05-15 00:32:05,1.0,109.0,BTC
2013-05-15 00:32:30,1.03,108.0,BTC
2013-05-15 00:33:10,1.0,108.15,BTC
2013-05-15 00:33:22,0.2734654,108.17,BTC
2013-05-15 00:33:49,1.0,109.0,BTC
2013-05-15 00:34:12,3.1,109.0,BTC
2013-05-15 00:35:08,1.5685,108.95,BTC
2013-05-15 00:35:47,10.0,109.0,BTC
2013-05-15 00:35:48,1.0,108.65,BTC
2013-05-15 00:35:50,46.5,108.35,BTC
2013-05-15 00:35:56,0.7125756,108.95,BTC
2013-05-15 00:35:57,18.8579244,108.3,BTC
2013-05-15 00:35:58,0.0265346,108.25,BTC
2013-05-15 00:36:00,0.0241066,108.15,BTC
2013-05-15 00:36:01,0.0162818,108.133,BTC
2013-05-15 00:36:10,3.0,107.95,BTC
2013-05-15 00:36:11,0.0137659,107.934,BTC
2013-05-15 00:36:11,0.046554000000000005,107.656,BTC
2013-05-15 00:36:12,0.2,107.556,BTC
2013-05-15 00:36:12,0.005,107.45,BTC
2013-05-15 00:36:13,0.4490428,107.44,BTC
2013-05-15 00:36:22,0.0054887,107.358,BTC
2013-05-15 00:36:24,0.2671077,107.327,BTC
2013-05-15 00:36:25,0.09,107.298,BTC
2013-05-15 00:36:27,0.0152609,107.262,BTC
2013-05-15 00:36:29,0.017835900000000002,107.255,BTC
2013-05-15 00:36:30,0.0164982,107.233,BTC
2013-05-15 00:36:31,4.6188293,107.213,BTC
2013-05-15 00:36:32,2.3321,107.15,BTC
2013-05-15 00:36:34,0.0147417,107.085,BTC
2013-05-15 00:36:35,8.3582927,107.05,BTC
2013-05-15 00:36:37,0.994509,106.955,BTC
2013-05-15 00:36:46,0.0137659,106.954,BTC
2013-05-15 00:36:48,0.0270569,106.853,BTC
2013-05-15 00:36:49,0.0137659,106.798,BTC
2013-05-15 00:36:51,0.01,106.701,BTC
2013-05-15 00:36:52,0.0162158,106.644,BTC
2013-05-15 00:36:54,0.4953,106.45,BTC
2013-05-15 00:37:47,1.0,106.0,BTC
2013-05-15 00:38:43,0.030047700000000007,106.05,BTC
2013-05-15 00:39:48,1.8,106.79,BTC
2013-05-15 00:40:08,0.2,106.79,BTC
2013-05-15 00:41:22,1.0,106.12,BTC
2013-05-15 00:41:45,1.0,106.051,BTC
2013-05-15 00:42:07,0.738,106.0,BTC
2013-05-15 00:42:19,1.0,105.61,BTC
2013-05-15 00:42:32,0.51,105.15,BTC
2013-05-15 00:42:44,0.15,105.1,BTC
2013-05-15 00:42:57,6.36,105.1,BTC
2013-05-15 00:42:59,10.0,105.482,BTC
2013-05-15 00:43:00,0.005075,105.455,BTC
2013-05-15 00:43:01,0.0055006000000000005,105.445,BTC
2013-05-15 00:43:02,0.01,105.43,BTC
2013-05-15 00:43:05,4.0,105.0,BTC
2013-05-15 00:43:07,2.0,105.0,BTC
2013-05-15 00:43:15,1.5,105.8,BTC
2013-05-15 00:43:17,2.0,105.0,BTC
2013-05-15 00:43:35,2.0,105.0,BTC
2013-05-15 00:43:47,1.483,105.57,BTC
2013-05-15 00:43:49,2.0,105.0,BTC
2013-05-15 00:44:12,4.0,105.12,BTC
2013-05-15 00:44:24,2.0,105.0,BTC
2013-05-15 00:44:36,2.0,105.0,BTC
2013-05-15 00:45:00,2.0,105.0,BTC
2013-05-15 00:45:12,2.0,105.59,BTC
2013-05-15 00:47:43,0.4645753,106.15,BTC
2013-05-15 00:47:44,2.1326256000000003,106.849,BTC
2013-05-15 00:47:45,0.0136833,106.992,BTC
2013-05-15 00:47:46,6.5048584,107.05,BTC
2013-05-15 00:47:47,0.0197552,107.081,BTC
2013-05-15 00:47:48,0.4615,107.142,BTC
2013-05-15 00:47:49,0.0897478,107.156,BTC
2013-05-15 00:48:35,0.05,106.849,BTC
2013-05-15 00:48:36,2.2996799,107.051,BTC
2013-05-15 00:48:37,0.4615,107.142,BTC
2013-05-15 00:48:38,0.1,107.162,BTC
2013-05-15 00:48:39,0.005449,107.377,BTC
2013-05-15 00:48:40,0.2618772,107.397,BTC
2013-05-15 00:48:41,0.2362704,107.519,BTC
2013-05-15 00:48:43,2.5,107.54,BTC
2013-05-15 00:48:44,0.0136833,107.557,BTC
2013-05-15 00:48:46,0.1,107.657,BTC
2013-05-15 00:48:47,0.005447,107.699,BTC
2013-05-15 00:48:48,1.7395,107.758,BTC
2013-05-15 00:48:49,0.1,107.82,BTC
2013-05-15 00:48:50,0.0137359,107.865,BTC
2013-05-15 00:48:52,2.2246919,107.905,BTC
2013-05-15 00:49:31,20.0,107.909,BTC
2013-05-15 00:51:08,5.0,107.8,BTC
2013-05-15 00:51:09,1.2964,106.966,BTC
2013-05-15 00:51:10,0.005,106.95,BTC
2013-05-15 00:53:34,8.67,106.5,BTC
2013-05-15 00:54:11,1.0,107.84,BTC
2013-05-15 00:55:20,0.5267864999999999,106.8,BTC
2013-05-15 00:55:21,1.6499573,106.744,BTC
2013-05-15 00:55:22,3.3178889,106.535,BTC
2013-05-15 00:55:23,5.91e-05,106.52,BTC
2013-05-15 00:55:24,8.5420597,106.5,BTC
2013-05-15 00:56:58,5.0,105.9,BTC
2013-05-15 00:58:09,0.5,105.77,BTC
2013-05-15 00:58:10,0.0155241,105.652,BTC
2013-05-15 00:58:11,0.75685,105.65,BTC
2013-05-15 00:58:12,0.5,105.6,BTC
2013-05-15 01:03:33,3.0,106.26,BTC
2013-05-15 01:04:10,9.0,106.95,BTC
2013-05-15 01:05:37,14.85,106.45,BTC
2013-05-15 01:05:38,0.125,106.138,BTC
2013-05-15 01:05:38,1.6618781000000002,105.987,BTC
2013-05-15 01:05:39,0.125,105.971,BTC
2013-05-15 01:05:39,9.3400635,105.969,BTC
2013-05-15 01:06:16,0.6,106.6,BTC
2013-05-15 01:08:09,10.0,107.04,BTC
2013-05-15 01:10:48,0.22,107.04,BTC
2013-05-15 01:12:34,0.1706486,107.05,BTC
2013-05-15 01:13:37,1.0,107.05,BTC
2013-05-15 01:14:10,1.7689651000000002,107.65,BTC
2013-05-15 01:14:11,0.0054478,107.699,BTC
2013-05-15 01:14:37,5.0,108.25,BTC
2013-05-15 01:14:39,0.0164084,107.857,BTC
2013-05-15 01:14:40,0.1072175,107.864,BTC
2013-05-15 01:14:42,0.0540276,107.95,BTC
2013-05-15 01:14:43,0.1639865,107.96,BTC
2013-05-15 01:14:44,0.0054458,108.022,BTC
2013-05-15 01:14:46,8.0,107.05,BTC
2013-05-15 01:15:02,15.6272622,107.75,BTC
2013-05-15 01:15:35,0.0144829,107.801,BTC
2013-05-15 01:15:36,0.0164084,107.857,BTC
2013-05-15 01:15:37,0.1072175,107.864,BTC
2013-05-15 01:15:38,0.0540276,107.95,BTC
2013-05-15 01:15:39,5.0,108.02,BTC
2013-05-15 01:15:41,0.2062135,108.025,BTC
2013-05-15 01:17:11,0.8,108.05,BTC
2013-05-15 01:20:26,5.0,108.75,BTC
2013-05-15 01:20:36,4.8,109.0,BTC
2013-05-15 01:21:01,0.05,108.551,BTC
2013-05-15 01:21:22,21.8,109.0,BTC
2013-05-15 01:21:35,0.8,108.7,BTC
2013-05-15 01:22:01,5.0,109.0,BTC
2013-05-15 01:22:02,5.0,109.0,BTC
2013-05-15 01:22:04,16.0,108.899,BTC
2013-05-15 01:22:37,1.0,108.83,BTC
2013-05-15 01:22:48,17.516,108.85,BTC
2013-05-15 01:23:02,10.0,110.0,BTC
2013-05-15 01:23:58,15.0,110.0,BTC
2013-05-15 01:24:26,5.0,109.95,BTC
2013-05-15 01:26:10,0.573342,109.27,BTC
2013-05-15 01:26:25,2.0,109.95,BTC
2013-05-15 01:28:37,5.0,109.95,BTC
2013-05-15 01:29:13,0.1,110.0,BTC
2013-05-15 01:29:27,5.0,110.05,BTC
2013-05-15 01:29:46,0.4,110.25,BTC
2013-05-15 01:31:13,2.6,110.25,BTC
2013-05-15 01:31:13,12.89,110.04,BTC
2013-05-15 01:36:50,1.0,108.0,BTC
2013-05-15 01:36:52,1.812,107.71,BTC
2013-05-15 01:38:12,0.8759223,106.94,BTC
2013-05-15 01:42:23,0.5808193,108.05,BTC
2013-05-15 01:43:15,5.0,108.3,BTC
2013-05-15 01:44:59,10.0,107.88,BTC
2013-05-15 01:46:37,2.0,107.5,BTC
2013-05-15 01:47:02,2.0,107.5,BTC
2013-05-15 01:47:37,15.0,107.5,BTC
2013-05-15 01:52:53,5.0687921,107.3,BTC
2013-05-15 01:53:06,0.1240777,106.95,BTC
2013-05-15 01:54:20,0.0012079,107.3,BTC
2013-05-15 01:57:04,5.0,107.0,BTC
2013-05-15 01:57:33,1.936946,106.75,BTC
2013-05-15 01:57:56,8.25,106.65,BTC
2013-05-15 02:00:25,5.0,106.5,BTC
2013-05-15 02:00:44,5.0,106.5,BTC
2013-05-15 02:00:45,0.5504661,106.27,BTC
2013-05-15 02:00:54,1.0,106.0,BTC
2013-05-15 02:00:58,1.0,106.0,BTC
2013-05-15 02:01:00,0.0054965000000000005,106.398,BTC
2013-05-15 02:01:01,0.0253,106.374,BTC
2013-05-15 02:01:02,5.16915,106.35,BTC
2013-05-15 02:01:03,0.519037,106.302,BTC
2013-05-15 02:01:12,3.8,106.5,BTC
2013-05-15 02:04:00,1.5,106.5,BTC
2013-05-15 02:04:11,4.10355,106.95,BTC
2013-05-15 02:04:18,0.1,106.5,BTC
2013-05-15 02:06:28,2.0,107.06,BTC
2013-05-15 02:06:38,0.0132001,107.341,BTC
2013-05-15 02:06:51,3.7403246,107.55,BTC
2013-05-15 02:09:19,4.9,108.552,BTC
2013-05-15 02:14:38,2.0,106.99,BTC
2013-05-15 02:14:40,2.0,106.24,BTC
2013-05-15 02:14:55,4.0,105.6,BTC
2013-05-15 02:14:57,3.2946618,105.75,BTC
2013-05-15 02:14:57,0.0680205,105.42,BTC
2013-05-15 02:14:59,2.0,105.24,BTC
2013-05-15 02:15:00,2.1,105.36,BTC
2013-05-15 02:15:01,2.0373177,105.613,BTC
2013-05-15 02:16:58,20.0,106.1,BTC
2013-05-15 02:16:59,2.0,105.99,BTC
2013-05-15 02:17:33,0.005,106.45,BTC
2013-05-15 02:26:43,2.0,108.24,BTC
2013-05-15 02:28:39,0.0175592,107.35,BTC
2013-05-15 02:28:41,0.1166,107.15,BTC
2013-05-15 02:29:56,0.1,107.898,BTC
2013-05-15 02:31:06,0.0485,107.869,BTC
2013-05-15 02:31:13,5.0,107.899,BTC
2013-05-15 02:31:45,0.1,107.85,BTC
2013-05-15 02:31:55,0.0485,107.869,BTC
2013-05-15 02:32:11,5.0,107.85,BTC
2013-05-15 02:33:33,1.0,107.151,BTC
2013-05-15 02:34:03,1.0,107.45,BTC
2013-05-15 02:35:28,4.5292444000000005,107.84,BTC
2013-05-15 02:35:59,0.1,107.17,BTC
2013-05-15 02:38:46,0.9806537,107.045,BTC
2013-05-15 02:39:36,2.0,106.24,BTC
2013-05-15 02:39:37,2.0,105.99,BTC
2013-05-15 02:39:39,2.0,105.49,BTC
2013-05-15 02:40:14,1.0,107.025,BTC
2013-05-15 02:40:35,21.131325,107.05,BTC
2013-05-15 02:41:32,3.2584975,107.025,BTC
2013-05-15 02:43:34,0.5,106.02,BTC
2013-05-15 02:45:19,7.0,106.026,BTC
2013-05-15 02:47:52,3.0,105.96,BTC
2013-05-15 02:50:27,1.0,106.0,BTC
2013-05-15 02:51:42,0.5,105.0,BTC
2013-05-15 02:51:44,1.0,105.0,BTC
2013-05-15 02:52:55,8.1641759,104.663,BTC
2013-05-15 02:53:51,3.8986627,104.95,BTC
2013-05-15 02:53:52,20.0,105.0,BTC
2013-05-15 02:54:19,6.0,105.0,BTC
2013-05-15 02:54:55,7.721966,104.36,BTC
2013-05-15 02:55:52,4.0,104.31,BTC
2013-05-15 02:56:40,1.665,104.1,BTC
2013-05-15 02:57:17,1.0,104.15,BTC
2013-05-15 02:57:18,1.275,104.25,BTC
2013-05-15 02:58:53,1.0,105.191,BTC
2013-05-15 02:59:19,0.0156572,105.842,BTC
2013-05-15 02:59:20,0.1034754,105.85,BTC
2013-05-15 02:59:22,1.8045448,106.05,BTC
2013-05-15 02:59:22,1.95455,106.204,BTC
2013-05-15 02:59:23,0.0179216,106.27,BTC
2013-05-15 02:59:23,0.0127841,106.346,BTC
2013-05-15 02:59:24,0.005460100000000001,106.417,BTC
2013-05-15 02:59:25,1.0,106.878,BTC
2013-05-15 02:59:27,1.0,106.9,BTC
2013-05-15 02:59:28,0.0199123,106.524,BTC
2013-05-15 02:59:28,0.0105148,106.55,BTC
2013-05-15 02:59:30,1.0,107.0,BTC
2013-05-15 02:59:30,10.2989117,106.692,BTC
2013-05-15 02:59:31,0.005457899999999999,106.736,BTC
2013-05-15 02:59:32,3.9918351,106.826,BTC
2013-05-15 02:59:32,4.3060488,106.831,BTC
2013-05-15 03:05:53,9.4842726,106.34,BTC
2013-05-15 03:08:17,7.5,106.92,BTC
2013-05-15 03:08:18,4.88831,106.928,BTC
2013-05-15 03:10:30,6.7384576,106.928,BTC
2013-05-15 03:15:43,2.0,107.49,BTC
2013-05-15 03:15:44,5.2232162,107.55,BTC
2013-05-15 03:17:07,0.1,107.55,BTC
2013-05-15 03:21:51,1.3430000000000002,105.58,BTC
2013-05-15 03:27:31,0.0090906,106.061,BTC
2013-05-15 03:32:05,4.0005,107.23,BTC
2013-05-15 03:56:08,2.8574158,106.55,BTC
2013-05-15 03:56:31,3.8585247,106.95,BTC
2013-05-15 04:00:19,0.4809094,105.95,BTC
2013-05-15 04:00:54,1.5709,106.95,BTC
2013-05-15 04:01:54,1.0,105.38,BTC
2013-05-15 04:07:25,0.5,105.21,BTC
2013-05-15 04:10:23,2.7,105.2,BTC
2013-05-15 04:10:24,6.82,105.38,BTC
2013-05-15 04:15:47,0.0134917,106.137,BTC
2013-05-15 04:15:48,0.0145856,106.269,BTC
2013-05-15 04:15:49,0.025,106.437,BTC
2013-05-15 04:15:50,0.0397001,106.465,BTC
2013-05-15 04:19:22,1.1259337,106.695,BTC
2013-05-15 04:19:23,8.7850886,106.7,BTC
2013-05-15 04:25:21,0.5,105.6,BTC
2013-05-15 04:39:48,10.8275156,106.68,BTC
2013-05-15 04:39:48,8.7816332,106.7,BTC
2013-05-15 04:50:32,0.2097494,108.05,BTC
2013-05-15 04:50:48,1.0,107.74,BTC
2013-05-15 04:50:59,100.0,107.95,BTC
2013-05-15 04:52:35,0.378,107.45,BTC
2013-05-15 04:52:35,0.375,107.168,BTC
2013-05-15 04:52:36,0.0055404,107.083,BTC
2013-05-15 04:52:37,7.1786271999999975,106.96,BTC
2013-05-15 04:54:12,4.303717400000001,107.98,BTC
2013-05-15 04:54:14,2.0,108.24,BTC
2013-05-15 04:54:33,1.5,108.49,BTC
2013-05-15 04:55:56,1.0,108.049,BTC
2013-05-15 04:56:48,2.4419977000000004,109.115,BTC
2013-05-15 04:57:33,0.1,108.74,BTC
2013-05-15 04:58:22,27.732967100000003,109.115,BTC
2013-05-15 04:58:23,1.9985,108.476,BTC
2013-05-15 04:58:24,1.848,108.147,BTC
2013-05-15 04:58:25,1.0,108.05,BTC
2013-05-15 04:58:26,27.18473950000001,107.96,BTC
2013-05-15 04:59:02,2.0,109.24,BTC
2013-05-15 05:02:46,7.9596699000000015,109.55,BTC
2013-05-15 05:14:54,2.0,109.74,BTC
2013-05-15 05:18:09,2.0,109.99,BTC
2013-05-15 05:18:46,1.0,110.2,BTC
2013-05-15 05:25:35,0.1875,108.95,BTC
2013-05-15 05:25:36,10.0,108.7,BTC
2013-05-15 05:25:38,1.0,108.13,BTC
2013-05-15 05:25:39,0.09685,108.35,BTC
2013-05-15 05:25:41,0.0055152000000000005,108.284,BTC
2013-05-15 05:25:42,1.0,107.63,BTC
2013-05-15 05:34:36,4.1179782,108.95,BTC
2013-05-15 05:34:38,0.15,108.535,BTC
2013-05-15 05:34:39,0.521017,108.45,BTC
2013-05-15 05:34:41,0.8333333,108.324,BTC
2013-05-15 05:34:42,1.52355,108.249,BTC
2013-05-15 05:34:43,0.0336443,108.167,BTC
2013-05-15 05:34:44,12.5,108.05,BTC
2013-05-15 05:34:45,22.66715486,107.95,BTC
2013-05-15 05:34:52,1.0,109.74,BTC
2013-05-15 05:35:50,0.1,108.322,BTC
2013-05-15 05:48:26,1.4918675,110.01,BTC
2013-05-15 05:49:26,0.00625,110.45,BTC
2013-05-15 05:50:26,1.0,109.99,BTC
2013-05-15 05:51:26,12.5,110.05,BTC
2013-05-15 05:51:27,0.1,109.937,BTC
2013-05-15 05:51:28,0.0138188,109.821,BTC
2013-05-15 05:51:29,0.0253,109.742,BTC
2013-05-15 05:51:30,0.0367472,109.676,BTC
2013-05-15 05:51:31,0.0100085,109.483,BTC
2013-05-15 05:51:32,0.013872,109.428,BTC
2013-05-15 05:51:33,0.0054901,109.415,BTC
2013-05-15 05:51:34,0.711,109.377,BTC
2013-05-15 05:51:35,0.4155,109.338,BTC
2013-05-15 05:51:36,0.0138188,109.313,BTC
2013-05-15 05:51:37,0.0194231,109.265,BTC
2013-05-15 05:51:37,0.0471999,109.211,BTC
2013-05-15 05:51:38,0.09,109.193,BTC
2013-05-15 05:51:39,6.2655415,109.15,BTC
2013-05-15 05:56:27,1.0,110.919,BTC
2013-05-15 05:59:05,2.0,110.49,BTC
2013-05-15 05:59:07,20.7,110.999,BTC
2013-05-15 05:59:39,5.0,111.5,BTC
2013-05-15 05:59:41,1.0,112.0,BTC
2013-05-15 05:59:42,8.0,112.54,BTC
2013-05-15 06:02:39,2.472598,111.909,BTC
2013-05-15 06:03:52,0.3,112.54,BTC
2013-05-15 06:05:51,0.012748,112.599,BTC
2013-05-15 06:06:29,4.9794215999999984,112.455,BTC
2013-05-15 06:06:40,0.012748,112.599,BTC
2013-05-15 06:06:52,0.9185283,112.75,BTC
2013-05-15 06:07:40,0.1,112.9,BTC
2013-05-15 06:09:41,2.0,112.9,BTC
2013-05-15 06:10:03,0.2157088,112.918,BTC
2013-05-15 06:10:14,0.4,113.0,BTC
2013-05-15 06:10:16,23.6,113.0,BTC
2013-05-15 06:11:29,0.008582,112.918,BTC
2013-05-15 06:12:16,11.8151,112.455,BTC
2013-05-15 06:15:52,1.5,112.455,BTC
2013-05-15 06:20:29,0.5415,113.001,BTC
2013-05-15 06:20:31,41.23249660000001,113.0,BTC
2013-05-15 06:20:32,3.5672707000000003,112.455,BTC
2013-05-15 06:24:18,0.0862768,112.455,BTC
2013-05-15 06:24:52,0.005,112.635,BTC
2013-05-15 06:24:54,0.0105784,112.581,BTC
2013-05-15 06:24:55,0.005,112.574,BTC
2013-05-15 06:24:57,0.4687039000000001,112.5,BTC
2013-05-15 06:28:54,8.84,113.0,BTC
2013-05-15 06:28:55,10.0,113.38,BTC
2013-05-15 06:28:56,1.0,113.74,BTC
2013-05-15 06:30:17,0.2,113.0,BTC
2013-05-15 06:33:30,1.0,112.9,BTC
2013-05-15 06:35:38,0.4105156,112.95,BTC
2013-05-15 06:35:39,1.5,112.96,BTC
2013-05-15 06:37:07,2.341,113.8,BTC
2013-05-15 06:37:17,1.0,113.8,BTC
2013-05-15 06:37:27,20.03,113.8,BTC
2013-05-15 06:38:27,0.12,113.8,BTC
2013-05-15 06:39:26,8.8210113,112.9,BTC
2013-05-15 06:40:04,5.854082599999999,112.9,BTC
2013-05-15 06:40:14,1.5,113.0,BTC
2013-05-15 06:41:06,1.0,112.8,BTC
2013-05-15 06:41:08,1.0,112.6,BTC
2013-05-15 06:41:10,1.0,112.4,BTC
2013-05-15 06:41:29,5.0,113.0,BTC
2013-05-15 06:42:28,2.0,113.0,BTC
2013-05-15 06:43:05,0.2,113.0,BTC
2013-05-15 06:46:08,115.123,115.0,BTC
2013-05-15 06:46:29,3.0,113.99,BTC
2013-05-15 06:47:26,1.0,114.0,BTC
2013-05-15 06:47:28,1.0,114.0,BTC
2013-05-15 06:47:29,1.0,114.1,BTC
2013-05-15 06:47:30,1.0,114.24,BTC
2013-05-15 06:47:32,1.0,114.4,BTC
2013-05-15 06:56:07,1.0,113.5,BTC
2013-05-15 07:00:08,2.5,113.95,BTC
2013-05-15 07:01:57,0.5,114.0,BTC
2013-05-15 07:02:17,1.0,114.49,BTC
2013-05-15 07:02:19,1.0,114.74,BTC
2013-05-15 07:02:21,1.0,114.99,BTC
2013-05-15 07:02:24,0.5,115.0,BTC
2013-05-15 07:02:27,5.0,115.0,BTC
2013-05-15 07:02:47,10.0,115.0,BTC
2013-05-15 07:02:52,0.0133049,115.364,BTC
2013-05-15 07:02:53,0.29478000000000004,115.492,BTC
2013-05-15 07:03:01,10.0,115.0,BTC
2013-05-15 07:03:43,0.8,115.0,BTC
2013-05-15 07:05:56,9.5935936,115.0,BTC
2013-05-15 07:06:06,2.0,115.0,BTC
2013-05-15 07:08:06,1.0,115.24,BTC
2013-05-15 07:08:08,35.0,115.5,BTC
2013-05-15 07:08:12,35.0,116.0,BTC
2013-05-15 07:08:15,1.0,116.0,BTC
2013-05-15 07:08:17,1.0,116.0,BTC
2013-05-15 07:08:19,0.5,116.07,BTC
2013-05-15 07:08:21,1.0,116.1,BTC
2013-05-15 07:08:24,1.0,116.3,BTC
2013-05-15 07:08:26,1.0,116.4,BTC
2013-05-15 07:08:28,0.17892,115.99,BTC
2013-05-15 07:08:30,1.0,116.5,BTC
2013-05-15 07:08:45,5.0,117.0,BTC
2013-05-15 07:08:47,1.0,116.5,BTC
2013-05-15 07:08:48,0.9584658,116.1,BTC
2013-05-15 07:08:49,14.5613879,116.124,BTC
2013-05-15 07:08:51,0.25,116.17,BTC
2013-05-15 07:08:51,0.012726799999999998,116.178,BTC
2013-05-15 07:08:53,10.0,116.66,BTC
2013-05-15 07:08:53,5.0797,116.2,BTC
2013-05-15 07:08:54,0.0184598,116.218,BTC
2013-05-15 07:08:55,6.2563928,116.23,BTC
2013-05-15 07:08:56,21.4727024,116.249,BTC
2013-05-15 07:08:57,0.21499520000000005,116.251,BTC
2013-05-15 07:08:58,0.1,116.262,BTC
2013-05-15 07:08:59,0.009804,116.276,BTC
2013-05-15 07:08:59,1.0,116.3,BTC
2013-05-15 07:09:00,0.0494908,116.31,BTC
2013-05-15 07:09:01,1.0,116.32,BTC
2013-05-15 07:09:03,1.0,116.8,BTC
2013-05-15 07:09:03,0.0138417,116.345,BTC
2013-05-15 07:09:04,0.0053937,116.368,BTC
2013-05-15 07:09:05,0.03899,116.388,BTC
2013-05-15 07:09:06,1.5,116.399,BTC
2013-05-15 07:09:07,0.125,116.41,BTC
2013-05-15 07:09:08,0.0191896,116.421,BTC
2013-05-15 07:09:10,1.0,116.9,BTC
2013-05-15 07:09:11,5.0,116.46,BTC
2013-05-15 07:09:12,2.2972904,116.472,BTC
2013-05-15 07:09:13,3.665,116.48,BTC
2013-05-15 07:09:28,1.0,117.0,BTC
2013-05-15 07:09:39,0.5,116.0,BTC
2013-05-15 07:09:40,0.9584658,116.1,BTC
2013-05-15 07:09:40,14.5613879,116.124,BTC
2013-05-15 07:09:41,0.0344166,116.176,BTC
2013-05-15 07:09:42,0.0104345,116.193,BTC
2013-05-15 07:09:42,0.0976564,116.204,BTC
2013-05-15 07:09:43,0.089613,116.226,BTC
2013-05-15 07:09:43,21.4727024,116.249,BTC
2013-05-15 07:09:44,0.21499520000000005,116.251,BTC
2013-05-15 07:09:45,0.1,116.262,BTC
2013-05-15 07:09:45,0.009804,116.276,BTC
2013-05-15 07:09:46,0.0540276,116.3,BTC
2013-05-15 07:09:46,0.0061215,116.309,BTC
2013-05-15 07:09:47,0.0188211,116.319,BTC
2013-05-15 07:09:47,4.9164246,116.39,BTC
2013-05-15 07:09:48,106.98810729999998,116.44,BTC
2013-05-15 07:10:24,1.31,114.84,BTC
2013-05-15 07:12:19,4.5,115.0,BTC
2013-05-15 07:12:21,3.3230061,115.9,BTC
2013-05-15 07:12:22,0.05,116.0,BTC
2013-05-15 07:12:44,0.199455,116.26,BTC
2013-05-15 07:12:45,6.437794,116.3,BTC
2013-05-15 07:13:29,0.06584169999999999,115.264,BTC
2013-05-15 07:13:44,25.0,116.5,BTC
2013-05-15 07:14:11,15.2433863,116.001,BTC
2013-05-15 07:14:28,50.0,116.5,BTC
2013-05-15 07:14:31,25.0,116.5,BTC
2013-05-15 07:14:43,2.0,116.5,BTC
2013-05-15 07:15:02,22.5,115.001,BTC
2013-05-15 07:18:33,0.0605839,115.0,BTC
2013-05-15 07:18:34,5.0,115.001,BTC
2013-05-15 07:19:35,10.0,114.5,BTC
2013-05-15 07:20:00,0.2724933,113.751,BTC
2013-05-15 07:20:10,0.005,114.026,BTC
2013-05-15 07:20:32,0.25,112.11,BTC
2013-05-15 07:20:51,0.2724933,113.751,BTC
2013-05-15 07:20:53,3.0,114.0,BTC
2013-05-15 07:22:38,0.00875,114.0,BTC
2013-05-15 07:23:34,5.0,113.9,BTC
2013-05-15 07:23:36,1.0,113.6,BTC
2013-05-15 07:25:44,1.0,113.77,BTC
2013-05-15 07:33:25,1.8,113.05,BTC
2013-05-15 07:35:22,1.0,113.0,BTC
2013-05-15 07:35:49,3.4782026,113.001,BTC
2013-05-15 07:35:51,0.5167974,113.9,BTC
2013-05-15 07:38:42,0.0783375,111.781,BTC
2013-05-15 07:40:21,1.0,113.1,BTC
2013-05-15 07:40:22,1.0,113.3,BTC
2013-05-15 07:40:22,0.099873,112.92,BTC
2013-05-15 07:40:23,4.900127,113.0,BTC
2013-05-15 07:40:38,0.5,113.5,BTC
2013-05-15 07:41:15,1.0,112.63,BTC
2013-05-15 07:41:16,1.0,112.13,BTC
2013-05-15 07:41:18,1.0,111.88,BTC
2013-05-15 07:41:20,13.0783375,112.0,BTC
2013-05-15 07:43:10,0.0125,111.165,BTC
2013-05-15 07:46:29,1.0,111.6,BTC
2013-05-15 07:48:07,0.005,111.51,BTC
2013-05-15 07:48:07,0.005,111.53,BTC
2013-05-15 07:48:38,3.751,111.42,BTC
2013-05-15 07:49:07,0.005,111.52,BTC
2013-05-15 07:51:42,0.1528411,111.42,BTC
2013-05-15 07:59:18,1.0,113.0,BTC
2013-05-15 07:59:20,1.0,113.2,BTC
2013-05-15 07:59:22,0.6221433000000001,112.89,BTC
2013-05-15 08:10:48,4.9739029000000015,112.6,BTC
2013-05-15 08:10:49,0.005,112.75,BTC
2013-05-15 08:11:27,0.005,112.65,BTC
2013-05-15 08:11:39,4.9875,110.999,BTC
2013-05-15 08:13:08,0.2135,111.99,BTC
2013-05-15 08:18:31,0.005,111.45,BTC
2013-05-15 08:22:32,0.4387657,111.6,BTC
2013-05-15 08:22:32,0.005,111.7,BTC
2013-05-15 08:22:34,13.4219695,111.917,BTC
2013-05-15 08:22:34,0.005,111.97,BTC
2013-05-15 08:22:35,0.005,112.0,BTC
2013-05-15 08:22:49,3.7,112.0,BTC
2013-05-15 08:23:27,0.01,111.92,BTC
2013-05-15 08:23:28,0.044628,111.99,BTC
2013-05-15 08:23:29,34.9805,112.001,BTC
2013-05-15 08:23:30,0.005,112.1,BTC
2013-05-15 08:23:43,1.0923161,112.0,BTC
2013-05-15 08:25:26,7.1815992,112.001,BTC
2013-05-15 08:26:23,0.7960937,112.001,BTC
2013-05-15 08:27:18,0.005,111.8,BTC
2013-05-15 08:27:54,1.0,111.38,BTC
2013-05-15 08:27:55,0.2,111.1,BTC
2013-05-15 08:31:42,0.005,111.55,BTC
2013-05-15 08:31:58,20.0170313,112.0,BTC
2013-05-15 08:34:56,1.49,113.2,BTC
2013-05-15 08:34:58,0.0054512,113.355,BTC
2013-05-15 08:35:00,0.005,113.734,BTC
2013-05-15 08:35:01,0.005,113.77,BTC
2013-05-15 08:35:03,2.209,113.899,BTC
2013-05-15 08:35:04,0.005,113.972,BTC
2013-05-15 08:35:05,1.027287,114.0,BTC
2013-05-15 08:35:24,0.0126317,114.105,BTC
2013-05-15 08:35:40,0.2950786,113.0,BTC
2013-05-15 08:35:41,0.0109111,114.257,BTC
2013-05-15 08:35:42,0.0128309,114.356,BTC
2013-05-15 08:35:42,1.5,114.49,BTC
2013-05-15 08:35:43,6.1774757000000005,114.5,BTC
2013-05-15 08:36:26,0.005700800000000001,112.276,BTC
2013-05-15 08:36:26,0.1652992,111.665,BTC
2013-05-15 08:37:06,6.74975,114.0,BTC
2013-05-15 08:37:07,0.1042212,114.167,BTC
2013-05-15 08:38:41,1.0,112.601,BTC
2013-05-15 08:39:02,0.005,112.3,BTC
2013-05-15 08:39:51,1.0,112.5,BTC
2013-05-15 08:41:08,0.05750880000000001,112.095,BTC
2013-05-15 08:41:09,0.005,112.1,BTC
2013-05-15 08:42:52,10.0,112.5,BTC
2013-05-15 08:42:53,10.0,112.5,BTC
2013-05-15 08:49:56,0.2051504,112.5,BTC
2013-05-15 08:52:20,1.5943003999999998,112.5,BTC
2013-05-15 08:52:31,1.0,112.52,BTC
2013-05-15 08:52:32,6.792574900000001,112.5,BTC
2013-05-15 09:00:14,1.0,112.0,BTC
2013-05-15 09:00:14,0.04,112.3,BTC
2013-05-15 09:00:16,0.005,112.182,BTC
2013-05-15 09:00:17,1.0,111.7,BTC
2013-05-15 09:00:17,1.0,111.6,BTC
2013-05-15 09:00:18,1.0,111.5,BTC
2013-05-15 09:00:19,1.0,111.4,BTC
2013-05-15 09:01:55,0.2756668,111.3,BTC
2013-05-15 09:01:57,1.0,111.1,BTC
2013-05-15 09:10:30,1.0,112.5,BTC
2013-05-15 09:10:32,1.0,112.7,BTC
2013-05-15 09:10:33,1.0,112.8,BTC
2013-05-15 09:10:34,5.2448069,112.541,BTC
2013-05-15 09:11:40,1.0,112.1,BTC
2013-05-15 09:16:02,0.3,112.5,BTC
2013-05-15 09:21:50,1.0,112.5,BTC
2013-05-15 09:31:03,1.0,114.0,BTC
2013-05-15 09:31:14,1.0,114.2,BTC
2013-05-15 09:31:16,0.073263,113.967,BTC
2013-05-15 09:31:19,5.0,114.26,BTC
2013-05-15 09:31:20,11.5416488,114.3,BTC
2013-05-15 09:31:36,0.1737246,113.962,BTC
2013-05-15 09:31:50,3.0,114.289,BTC
2013-05-15 09:31:52,0.0054670000000000005,114.33,BTC
2013-05-15 09:31:54,8.398753,114.4,BTC
2013-05-15 09:31:55,0.13175,114.424,BTC
2013-05-15 09:33:54,0.505,114.0,BTC
2013-05-15 09:34:08,10.1821428,113.995,BTC
2013-05-15 09:34:48,7.501155099999999,113.975,BTC
2013-05-15 09:46:41,0.11368110000000002,113.995,BTC
2013-05-15 10:22:17,1.0,112.5,BTC
2013-05-15 10:35:11,0.2214054,112.45,BTC
2013-05-15 10:35:12,0.2,112.18,BTC
2013-05-15 10:37:38,0.97238,112.24,BTC
2013-05-15 10:37:38,0.31471,112.18,BTC
2013-05-15 10:37:52,6.0,112.99,BTC
2013-05-15 10:37:55,10.66,113.85,BTC
2013-05-15 10:52:48,0.6,111.99,BTC
2013-05-15 10:52:49,0.632,111.76,BTC
2013-05-15 10:52:50,1.1985767,111.72,BTC
2013-05-15 10:52:51,0.02724,111.6,BTC
2013-05-15 10:52:51,0.027160000000000004,111.56,BTC
2013-05-15 10:52:52,0.02797,111.54,BTC
2013-05-15 10:52:52,0.1,111.51,BTC
2013-05-15 10:52:53,0.02781,111.47,BTC
2013-05-15 10:52:54,0.0698322,111.41,BTC
2013-05-15 10:52:54,0.05566,111.39,BTC
2013-05-15 10:52:55,0.02784,111.35,BTC
2013-05-15 10:52:56,1.0,111.3,BTC
2013-05-15 10:52:57,0.778,111.28,BTC
2013-05-15 10:52:59,1.87,111.25,BTC
2013-05-15 10:54:39,0.1999999,111.25,BTC
2013-05-15 10:54:40,7.3378591,111.07,BTC
2013-05-15 10:55:37,4.34,113.85,BTC
2013-05-15 10:55:37,1.5873904,113.7,BTC
2013-05-15 10:55:38,1.0,114.24,BTC
2013-05-15 10:55:39,0.27612659999999994,113.801,BTC
2013-05-15 10:55:40,2.686813,113.89,BTC
2013-05-15 11:12:06,14.0,112.0,BTC
2013-05-15 11:17:41,1.0,112.0,BTC
2013-05-15 11:20:17,0.724604,111.988,BTC
2013-05-15 11:39:32,1.0,111.13,BTC
2013-05-15 11:39:33,1.0,110.88,BTC
2013-05-15 11:39:34,1.0,110.63,BTC
2013-05-15 11:39:34,0.12934,110.77,BTC
2013-05-15 11:39:35,0.05546,110.71,BTC
2013-05-15 11:39:35,0.05919,110.66,BTC
2013-05-15 11:39:35,0.1,110.61,BTC
2013-05-15 11:39:36,3.9811838,110.59,BTC
2013-05-15 11:44:32,15.124,110.78,BTC
2013-05-15 11:44:52,1.1,110.63,BTC
2013-05-15 11:45:19,14.5064541,110.85,BTC
2013-05-15 11:49:42,0.5,110.55,BTC
2013-05-15 11:52:08,0.0166,110.59,BTC
2013-05-15 11:52:17,0.035519199999999994,110.52,BTC
2013-05-15 11:52:19,1.0,110.38,BTC
2013-05-15 11:52:19,0.029960000000000007,110.48,BTC
2013-05-15 11:52:20,0.2,110.42,BTC
2013-05-15 11:52:20,0.05634,110.4,BTC
2013-05-15 11:52:21,7.1551300000000015,110.3,BTC
2013-05-15 12:00:05,7.0,112.8,BTC
2013-05-15 12:03:57,1.3456451,112.9,BTC
2013-05-15 12:39:31,2.0,112.9,BTC
2013-05-15 13:11:47,1.86,113.7,BTC
2013-05-15 13:25:24,1.0,112.38,BTC
2013-05-15 13:25:26,1.0,111.88,BTC
2013-05-15 13:25:27,2.0,111.6,BTC
2013-05-15 13:25:29,8.9898854,111.55,BTC
2013-05-15 14:10:50,16.2341388,113.0,BTC
2013-05-15 14:12:02,3.7658612,113.9,BTC
2013-05-15 14:12:49,1.1,113.46,BTC
2013-05-15 14:34:27,0.8,111.63,BTC
2013-05-15 14:35:26,1.46435,111.72,BTC
2013-05-15 14:37:37,0.5064791000000001,112.0,BTC
2013-05-15 14:38:03,3.1708291,111.5501,BTC
2013-05-15 14:38:04,0.5,111.5,BTC
2013-05-15 14:38:05,1.982,111.55,BTC
2013-05-15 14:38:06,0.950896,111.53,BTC
2013-05-15 14:38:07,0.02943,111.45,BTC
2013-05-15 14:38:08,1.0,111.13,BTC
2013-05-15 14:38:09,2.832,111.17,BTC
2013-05-15 14:38:10,0.8978386,111.1,BTC
2013-05-15 14:38:11,0.02998,111.07,BTC
2013-05-15 14:38:12,0.05998,111.03,BTC
2013-05-15 14:47:51,5.0,114.0,BTC
2013-05-15 14:47:52,2.0,114.38,BTC
2013-05-15 14:47:54,1.0,114.49,BTC
2013-05-15 14:47:56,1.0,114.99,BTC
2013-05-15 14:56:05,1.0,112.08,BTC
2013-05-15 15:03:19,0.97085,112.18,BTC
2013-05-15 15:03:20,0.9543045,112.13,BTC
2013-05-15 15:03:22,2.8318981,112.11,BTC
2013-05-15 15:03:23,2.8417343,112.09,BTC
2013-05-15 15:03:24,0.1,112.01,BTC
2013-05-15 15:03:26,0.9918,111.96,BTC
2013-05-15 15:05:53,0.584191,112.22,BTC
2013-05-15 15:07:40,0.5952381,112.25,BTC
2013-05-15 15:07:52,0.027610000000000003,112.28,BTC
2013-05-15 15:07:53,1.0169176,112.31,BTC
2013-05-15 15:07:54,0.5952918,112.33,BTC
2013-05-15 15:07:54,0.027410000000000004,112.37,BTC
2013-05-15 15:08:05,0.91341,112.42,BTC
2013-05-15 15:15:04,0.8,114.788,BTC
2013-05-15 15:15:06,14.59,114.788,BTC
2013-05-15 15:15:28,5.5,111.89,BTC
2013-05-15 15:15:29,1.0,111.88,BTC
2013-05-15 15:15:31,0.3012443,111.71,BTC
2013-05-15 15:15:31,0.02982,111.67,BTC
2013-05-15 15:15:32,0.02938,111.64,BTC
2013-05-15 15:15:33,2.5322757,111.62,BTC
2013-05-15 15:15:45,1.0,112.38,BTC
2013-05-15 15:15:46,0.02894,111.61,BTC
2013-05-15 15:15:47,0.02904,111.57,BTC
2013-05-15 15:15:49,0.4207036,111.53,BTC
2013-05-15 15:15:50,0.1,111.51,BTC
2013-05-15 15:15:51,0.02924,111.49,BTC
2013-05-15 15:15:52,0.02872,111.42,BTC
2013-05-15 15:15:54,0.02891,111.38,BTC
2013-05-15 15:15:55,0.0291,111.34,BTC
2013-05-15 15:15:56,0.02938,111.3,BTC
2013-05-15 15:15:58,0.3924017,111.29,BTC
2013-05-15 15:15:59,0.02994,111.22,BTC
2013-05-15 15:16:01,0.392752,111.19,BTC
2013-05-15 15:16:02,0.029960000000000007,111.14,BTC
2013-05-15 15:16:03,0.02999,111.03,BTC
2013-05-15 15:17:28,1.12,114.5,BTC
2013-05-15 15:17:50,8.4333025,114.5,BTC
2013-05-15 15:18:29,2.1566975,114.5,BTC
2013-05-15 15:19:42,4.1174652,114.485,BTC
2013-05-15 15:19:43,1.0439518,114.68,BTC
2013-05-15 15:26:39,1.0,113.38,BTC
2013-05-15 15:27:39,1.0,112.88,BTC
2013-05-15 15:27:42,0.1,112.07,BTC
2013-05-15 15:27:43,2.9,111.72,BTC
2013-05-15 15:29:43,1.0,114.74,BTC
2013-05-15 15:29:44,9.7,115.2,BTC
2013-05-15 15:32:18,8.7,115.2,BTC
2013-05-15 15:39:15,3.82,115.2,BTC
2013-05-15 15:41:36,1.0,115.49,BTC
2013-05-15 15:41:38,1.0,115.74,BTC
2013-05-15 15:43:46,0.12,114.5,BTC
2013-05-15 15:44:59,4.08,114.5,BTC
2013-05-15 15:45:39,20.0,115.3,BTC
2013-05-15 15:47:10,12.0,115.33,BTC
2013-05-15 15:48:28,1.5186566,114.19,BTC
2013-05-15 15:48:30,1.0,114.23,BTC
2013-05-15 15:48:39,0.13,112.47,BTC
2013-05-15 15:48:40,3.0199147,112.49,BTC
2013-05-15 15:49:08,5.0,112.5,BTC
2013-05-15 15:49:32,5.0,112.48,BTC
2013-05-15 15:49:58,12.5,115.3,BTC
2013-05-15 15:55:04,0.12927,112.06,BTC
2013-05-15 15:55:04,0.02972,112.04,BTC
2013-05-15 15:55:04,0.1,112.02,BTC
2013-05-15 15:55:05,0.02902,111.99,BTC
2013-05-15 15:55:05,1.12974,111.97,BTC
2013-05-15 15:55:06,0.1,111.93,BTC
2013-05-15 15:55:06,0.02913,111.91,BTC
2013-05-15 15:55:07,0.029230000000000006,111.87,BTC
2013-05-15 15:55:07,0.97139,111.85,BTC
2013-05-15 15:55:08,0.3914243,111.57,BTC
2013-05-15 15:55:08,4.019551600000002,111.5,BTC
2013-05-15 15:55:08,0.02891,111.38,BTC
2013-05-15 16:06:33,0.13,111.9,BTC
2013-05-15 16:31:33,1.0,112.1,BTC
2013-05-15 16:47:34,1.0,112.38,BTC
2013-05-15 17:08:31,0.2,112.9,BTC
2013-05-15 17:11:11,6.0,114.1,BTC
2013-05-15 17:16:34,0.4892266,112.97,BTC
2013-05-15 17:18:32,0.1,112.97,BTC
2013-05-15 17:28:59,2.73,114.105,BTC
2013-05-15 17:29:00,8.27,114.49,BTC
2013-05-15 17:32:20,1.8213958,114.012,BTC
2013-05-15 17:32:21,0.1,114.6,BTC
2013-05-15 17:32:23,9.96692131,115.0,BTC
2013-05-15 17:45:37,14.5477491,112.99,BTC
2013-05-15 18:06:26,5.0,113.0,BTC
2013-05-15 18:06:27,1.87,111.9,BTC
2013-05-15 18:06:28,1.0,111.63,BTC
2013-05-15 18:06:29,0.7831981,111.66,BTC
2013-05-15 18:06:30,11.6,111.5,BTC
2013-05-15 18:06:30,0.3918077,111.46,BTC
2013-05-15 18:06:31,1.0,111.13,BTC
2013-05-15 18:06:33,0.3,111.0,BTC
2013-05-15 18:06:34,0.029960000000000007,111.14,BTC
2013-05-15 18:06:35,1.0,110.88,BTC
2013-05-15 18:06:36,0.1,110.96,BTC
2013-05-15 18:06:36,0.7666379,110.92,BTC
2013-05-15 18:06:37,1.0060464,110.81,BTC
2013-05-15 18:06:38,2.7835818,110.79,BTC
2013-05-15 18:07:50,4.99,111.74,BTC
2013-05-15 18:07:52,1.0,111.78,BTC
2013-05-15 18:08:32,1.0,111.0,BTC
2013-05-15 18:10:39,1.0,111.01,BTC
2013-05-15 18:10:40,0.03001,110.96,BTC
2013-05-15 18:10:41,0.957,110.67,BTC
2013-05-15 18:10:42,3.0312184,110.64,BTC
2013-05-15 18:10:43,0.5,110.4,BTC
2013-05-15 18:10:44,6.35,110.51,BTC
2013-05-15 18:10:44,0.16001300000000002,110.38,BTC
2013-05-15 18:10:45,1.0,110.13,BTC
2013-05-15 18:10:47,1.0,110.23,BTC
2013-05-15 18:10:47,0.029310000000000006,110.2,BTC
2013-05-15 18:10:48,5.0,110.0,BTC
2013-05-15 18:10:54,1.0,110.0,BTC
2013-05-15 18:10:55,1.0,110.15,BTC
2013-05-15 18:10:55,12.5176724,110.11,BTC
2013-05-15 18:11:22,0.1,110.1,BTC
2013-05-15 18:11:23,0.02989,110.07,BTC
2013-05-15 18:11:24,1.3968254,110.05,BTC
2013-05-15 18:11:25,0.4273178,110.04,BTC
2013-05-15 18:11:26,0.02927,110.01,BTC
2013-05-15 18:11:27,0.54279,109.99,BTC
2013-05-15 18:11:27,3.60007,109.9,BTC
2013-05-15 18:11:28,1.0,109.87,BTC
2013-05-15 18:11:29,1.0784728,109.8,BTC
2013-05-15 18:11:30,1.03033,109.79,BTC
2013-05-15 18:11:31,0.15949449999999998,109.77,BTC
2013-05-15 18:15:34,0.02976,111.56,BTC
2013-05-15 18:15:35,0.5,111.63,BTC
2013-05-15 18:15:35,1.9799463,111.7,BTC
2013-05-15 18:15:36,0.3971478,111.72,BTC
2013-05-15 18:15:36,0.05905,111.77,BTC
2013-05-15 18:15:36,0.02942,111.83,BTC
2013-05-15 18:20:30,0.4413398,112.18,BTC
2013-05-15 18:22:50,1.771,112.01,BTC
2013-05-15 18:23:16,0.142449,112.19,BTC
2013-05-15 18:25:09,1.0,111.51,BTC
2013-05-15 18:25:09,0.1,111.47,BTC
2013-05-15 18:25:09,0.02988,111.44,BTC
2013-05-15 18:25:10,0.0597,111.39,BTC
2013-05-15 18:25:10,0.02997,111.11,BTC
2013-05-15 18:25:11,0.02999,111.03,BTC
2013-05-15 18:25:12,0.2601,110.81,BTC
2013-05-15 18:25:12,0.02998,110.74,BTC
2013-05-15 18:27:37,0.02997,111.11,BTC
2013-05-15 18:27:57,0.07003,111.11,BTC
2013-05-15 18:29:40,0.3,110.86,BTC
2013-05-15 18:29:51,0.1000904,110.6,BTC
2013-05-15 18:34:05,0.1,110.2,BTC
2013-05-15 18:34:15,19.4,110.7,BTC
2013-05-15 18:34:35,0.02938,110.28,BTC
2013-05-15 18:34:56,0.07062,110.5,BTC
2013-05-15 18:34:56,2.1791692000000005,110.08,BTC
2013-05-15 18:34:57,1.3968254,110.05,BTC
2013-05-15 18:34:57,4.457111900000001,110.02,BTC
2013-05-15 18:34:57,3.0895264,110.0,BTC
2013-05-15 18:34:58,1.0,109.98,BTC
2013-05-15 18:34:58,3.60007,109.9,BTC
2013-05-15 18:34:59,2.0,109.87,BTC
2013-05-15 18:34:59,1.0784728,109.8,BTC
2013-05-15 18:35:00,1.149,109.78,BTC
2013-05-15 18:35:00,0.02961,109.76,BTC
2013-05-15 18:35:01,0.03009,109.67,BTC
2013-05-15 18:35:01,0.03028,109.64,BTC
2013-05-15 18:35:02,1.0,109.58,BTC
2013-05-15 18:35:03,1.0,109.38,BTC
2013-05-15 18:35:03,5.0,109.52,BTC
2013-05-15 18:35:04,0.954,109.47,BTC
2013-05-15 18:35:04,2.5,109.37,BTC
2013-05-15 18:35:05,1.0,109.3,BTC
2013-05-15 18:35:05,1.0,109.24,BTC
2013-05-15 18:35:07,2.1,109.0,BTC
2013-05-15 18:35:09,1.279,109.13,BTC
2013-05-15 18:35:09,0.16008,109.09,BTC
2013-05-15 18:35:10,1.0,108.88,BTC
2013-05-15 18:35:11,5.7185579,109.01,BTC
2013-05-15 18:35:12,0.03028,108.98,BTC
2013-05-15 18:35:12,0.03057,108.93,BTC
2013-05-15 18:37:08,0.86,109.65,BTC
2013-05-15 18:37:08,0.03022,109.53,BTC
2013-05-15 18:37:09,0.453,108.99,BTC
2013-05-15 18:37:09,4.4002338,108.9,BTC
2013-05-15 18:42:03,0.1,109.9,BTC
2013-05-15 18:47:02,4.97004,109.8,BTC
2013-05-15 18:48:17,0.2833,109.0,BTC
2013-05-15 18:48:17,0.2097,108.9,BTC
2013-05-15 18:48:56,0.936,109.8,BTC
2013-05-15 18:52:24,1.0,109.0,BTC
2013-05-15 18:54:45,2.5,109.25,BTC
2013-05-15 18:55:25,0.4335597,108.91,BTC
2013-05-15 18:55:55,1.7544303,109.0,BTC
2013-05-15 18:56:20,2.0,109.25,BTC
2013-05-15 18:57:40,2.912,109.43,BTC
2013-05-15 18:59:03,13.6825631,109.44,BTC
2013-05-15 18:59:04,2.394452,109.5,BTC
2013-05-15 18:59:05,0.02985,109.55,BTC
2013-05-15 18:59:06,0.03011,109.6,BTC
2013-05-15 18:59:07,0.9898833,109.72,BTC
2013-05-15 18:59:08,0.8024953,109.74,BTC
2013-05-15 19:00:29,2.443,108.88,BTC
2013-05-15 19:00:49,2.557,108.85,BTC
2013-05-15 19:01:45,7.0,109.4,BTC
2013-05-15 19:03:53,1.0,109.2,BTC
2013-05-15 19:07:32,4.5500317,109.2,BTC
2013-05-15 19:07:33,4.02,109.0,BTC
2013-05-15 19:07:35,1.0299683000000002,108.95,BTC
2013-05-15 19:09:55,1.8532381,108.95,BTC
2013-05-15 19:09:56,0.3588542,108.85,BTC
2013-05-15 19:09:56,0.7003623000000001,108.82,BTC
2013-05-15 19:11:40,4.8387178,108.94,BTC
2013-05-15 19:13:39,1.6772176,108.94,BTC
2013-05-15 19:14:29,0.1,108.82,BTC
2013-05-15 19:19:52,1.0,109.35,BTC
2013-05-15 19:20:57,1.1,109.35,BTC
2013-05-15 19:21:54,3.0,109.34,BTC
2013-05-15 19:26:18,0.9684221,108.8,BTC
2013-05-15 19:26:19,0.0814152,109.1,BTC
2013-05-15 19:26:35,1.0,108.63,BTC
2013-05-15 19:26:36,0.03025,108.76,BTC
2013-05-15 19:26:37,1.618,108.73,BTC
2013-05-15 19:26:39,0.03036,108.69,BTC
2013-05-15 19:26:40,1.0,108.64,BTC
2013-05-15 19:26:41,2.0,108.62,BTC
2013-05-15 19:26:43,1.0,108.6,BTC
2013-05-15 19:26:44,0.25,108.55,BTC
2013-05-15 19:26:46,1.0,108.53,BTC
2013-05-15 19:26:47,1.0,108.51,BTC
2013-05-15 19:26:49,0.6,108.46,BTC
2013-05-15 19:26:50,0.3555,108.44,BTC
